{"gold_per_floor":[114,128,140,150,150,185,185,7,7,7,21,21,46,58,58,159,159,125,40,54,104,116,116,146,146,217,228,246,246],"floor_reached":29,"playtime":2926,"items_purged":[],"score":347,"play_id":"fb9f1f0c-19e0-4789-9412-6207cff47404","local_time":"20230205221036","is_ascension_mode":true,"campfire_choices":[{"data":"Envenom","floor":7.0,"key":"SMITH"},{"data":"Leg Sweep","floor":10.0,"key":"SMITH"},{"floor":15.0,"key":"REST"},{"floor":23.0,"key":"REST"},{"floor":25.0,"key":"REST"}],"neow_cost":"NONE","seed_source_timestamp":0,"circlet_count":0,"master_deck":["Strike_G","Strike_G","Strike_G","Strike_G","Strike_G","Defend_G","Defend_G","Defend_G","Defend_G","Defend_G","Survivor","Neutralize+1","Well Laid Plans","Backflip","Leg Sweep+1","Quick Slash","Envenom+1","Dagger Throw","Envenom+1","Poisoned Stab","Deflect","Panacea","Noxious Fumes","Night Terror","Deadly Poison+1","Noxious Fumes","Slice","Tactician","Normality","Underhanded Strike+1","Acrobatics"],"special_seed":0,"relics":["Ring of the Snake","Bottled Tornado","DollysMirror","Dead Branch","Shovel","Cursed Key","Orichalcum","Nunchaku","Darkstone Periapt"],"potions_floor_usage":[28],"damage_taken":[{"damage":9.0,"enemies":"Small Slimes","floor":1.0,"turns":6.0},{"damage":2.0,"enemies":"Jaw Worm","floor":2.0,"turns":6.0},{"damage":2.0,"enemies":"Cultist","floor":3.0,"turns":5.0},{"damage":4.0,"enemies":"3 Louse","floor":4.0,"turns":8.0},{"damage":10.0,"enemies":"3 Sentries","floor":6.0,"turns":14.0},{"damage":38.0,"enemies":"Gremlin Gang","floor":11.0,"turns":9.0},{"damage":6.0,"enemies":"Gremlin Nob","floor":13.0,"turns":5.0},{"damage":0.0,"enemies":"2 Fungi Beasts","floor":14.0,"turns":5.0},{"damage":6.0,"enemies":"Slime Boss","floor":16.0,"turns":11.0},{"damage":15.0,"enemies":"2 Thieves","floor":18.0,"turns":5.0},{"damage":3.0,"enemies":"3 Byrds","floor":20.0,"turns":6.0},{"damage":9.0,"enemies":"Centurion and Healer","floor":22.0,"turns":7.0},{"damage":28.0,"enemies":"Book of Stabbing","floor":24.0,"turns":6.0},{"damage":7,"enemies":"Snecko","floor":27,"turns":5},{"damage":11,"enemies":"Snake Plant","floor":28,"turns":5},{"damage":38,"enemies":"Shelled Parasite and Fungi","floor":29,"turns":5}],"seed_played":"5362164220600045192","potions_obtained":[{"floor":1.0,"key":"Poison Potion"},{"floor":6.0,"key":"Dexterity Potion"},{"floor":11.0,"key":"SteroidPotion"},{"floor":13.0,"key":"EssenceOfSteel"},{"floor":22.0,"key":"Block Potion"},{"floor":24.0,"key":"Swift Potion"},{"floor":28,"key":"CultistPotion"}],"is_trial":false,"path_per_floor":["M","M","M","M","?","E","R","$","T","R","M","?","E","M","R","B",null,"M","?","M","?","M","R","E","R","T","M","M","M"],"character_chosen":"THE_SILENT","items_purchased":["Dagger Throw","DollysMirror"],"campfire_rested":3,"item_purchase_floors":[8,8],"current_hp_per_floor":[54,52,50,46,69,59,59,59,59,59,21,21,15,15,36,30,60,45,45,42,42,33,54,26,47,47,40,29,0],"gold":246,"neow_bonus":"UPGRADE_CARD","is_prod":false,"is_daily":false,"chose_seed":false,"campfire_upgraded":2,"win_rate":0,"timestamp":1675663836,"path_taken":["M","M","M","M","?","E","R","$","T","R","M","?","E","M","R","BOSS","M","?","M","?","M","R","E","R","T","M","?","M"],"build_version":"2022-12-18","purchased_purges":0,"victory":false,"max_hp_per_floor":[70,70,70,70,70,70,70,70,70,70,70,70,70,70,70,70,70,70,70,70,70,70,70,70,70,70,70,70,70],"card_choices":[{"not_picked":["Slice","Underhanded Strike"],"picked":"Well Laid Plans","floor":1.0},{"not_picked":["Escape Plan","Dagger Spray"],"picked":"Backflip","floor":2.0},{"not_picked":["Outmaneuver","Deflect"],"picked":"Leg Sweep","floor":3.0},{"not_picked":["Prepared","Dodge and Roll"],"picked":"Quick Slash","floor":4.0},{"not_picked":["Underhanded Strike","Prepared"],"picked":"Envenom","floor":6.0},{"not_picked":["Deflect","Sucker Punch"],"picked":"Poisoned Stab","floor":11.0},{"not_picked":["Dagger Throw","Accuracy"],"picked":"Noxious Fumes","floor":13.0},{"not_picked":["Underhanded Strike","Backstab","Finisher"],"picked":"SKIP","floor":14.0},{"not_picked":["Storm of Steel","Grand Finale"],"picked":"Night Terror","floor":16.0},{"not_picked":["Expertise","PiercingWail+1"],"picked":"Deadly Poison+1","floor":18.0},{"not_picked":["Slice","Choke"],"picked":"Noxious Fumes","floor":20.0},{"not_picked":["PiercingWail","Backstab"],"picked":"Slice","floor":22.0},{"not_picked":["Storm of Steel","Sucker Punch"],"picked":"Tactician","floor":24.0},{"not_picked":["All Out Attack","Dagger Throw"],"picked":"Underhanded Strike+1","floor":27},{"not_picked":["Sucker Punch","Finisher+1"],"picked":"Acrobatics","floor":28}],"player_experience":538547,"relics_obtained":[{"floor":6.0,"key":"Bottled Tornado"},{"floor":9.0,"key":"Dead Branch"},{"floor":13.0,"key":"Shovel"},{"floor":24.0,"key":"Nunchaku"},{"floor":26,"key":"Darkstone Periapt"}],"event_choices":[{"damage_healed":23.0,"max_hp_gain":0.0,"max_hp_loss":0.0,"gold_gain":0.0,"event_name":"Big Fish","player_choice":"Banana","floor":5.0,"gold_loss":0.0,"damage_taken":0.0},{"damage_healed":0.0,"max_hp_gain":0.0,"max_hp_loss":0.0,"gold_gain":0.0,"event_name":"Match and Keep!","player_choice":"2 cards matched","floor":12.0,"gold_loss":0.0,"damage_taken":0.0,"cards_obtained":["Deflect","Panacea"]},{"damage_healed":0.0,"max_hp_gain":0.0,"max_hp_loss":0.0,"gold_gain":0.0,"event_name":"Addict","player_choice":"Obtained Relic","floor":19.0,"gold_loss":85.0,"damage_taken":0.0,"relics_obtained":["Orichalcum"]},{"damage_healed":0.0,"max_hp_gain":0.0,"max_hp_loss":0.0,"gold_gain":100.0,"event_name":"The Joust","player_choice":"Bet on Murderer","floor":21.0,"gold_loss":50.0,"damage_taken":0.0}],"is_beta":false,"boss_relics":[{"not_picked":["SacredBark","Empty Cage"],"picked":"Cursed Key"}],"items_purged_floors":[],"is_endless":false,"potions_floor_spawned":[1,6,11,13,22,24,28],"killed_by":"Shelled Parasite and Fungi","ascension_level":7}