{"gold_per_floor":[116,126,126,201,201,201,236,161,161,195,212,212,35,55,55,153,153,172,172,172,72,88,119,119,131,156,186,186,214,214,226,226,326,326,345,345,345,149,159,192,205,255,280,91,103,103,136,148,160,172],"floor_reached":51,"playtime":4226,"items_purged":["Defend_G","Defend_G","Clumsy"],"score":1140,"play_id":"c61330a5-c123-4404-94a4-2bb397fd2e22","local_time":"20230302151337","is_ascension_mode":true,"campfire_choices":[{"data":"Neutralize","floor":6,"key":"SMITH"},{"floor":12,"key":"REST"},{"data":"Blade Dance","floor":15,"key":"SMITH"},{"data":"Adrenaline","floor":24,"key":"SMITH"},{"data":"Panache","floor":30,"key":"SMITH"},{"data":"Eviscerate","floor":32,"key":"SMITH"},{"floor":46,"key":"DIG"},{"data":"Footwork","floor":49,"key":"SMITH"}],"neow_cost":"NONE","seed_source_timestamp":156263438134100,"circlet_count":0,"master_deck":["Defend_G","Defend_G","Defend_G","Survivor+1","Neutralize+1","Backflip","Quick Slash","Dagger Throw","Blade Dance+1","Panache+1","Prepared","Adrenaline+1","Bite","Bite","Bite","Bite","Reflex","Setup+1","Eviscerate+1","Backflip+1","Well Laid Plans","Acrobatics","Deadly Poison+1","Acrobatics+1","Injury","Concentrate","Flash of Steel","Footwork+1","Predator"],"relics":["Ring of the Snake","NeowsBlessing","Letter Opener","Strawberry","Bird Faced Urn","Dead Branch","Busted Crown","Ninja Scroll","Toy Ornithopter","The Courier","Ginger","Cursed Key","Turnip","Orichalcum","Shovel","Regal Pillow","War Paint","MawBank"],"potions_floor_usage":[16,33,41,50],"damage_taken":[{"damage":0,"enemies":"2 Louse","floor":1,"turns":1},{"damage":0,"enemies":"Jaw Worm","floor":2,"turns":1},{"damage":0,"enemies":"3 Sentries","floor":7,"turns":1},{"damage":18,"enemies":"Gremlin Nob","floor":10,"turns":5},{"damage":0,"enemies":"Small Slimes","floor":11,"turns":2},{"damage":3,"enemies":"Blue Slaver","floor":14,"turns":3},{"damage":25,"enemies":"Slime Boss","floor":16,"turns":9},{"damage":9,"enemies":"2 Thieves","floor":18,"turns":3},{"damage":0,"enemies":"Chosen","floor":22,"turns":3},{"damage":13,"enemies":"Gremlin Leader","floor":23,"turns":5},{"damage":2,"enemies":"Snecko","floor":25,"turns":3},{"damage":0,"enemies":"Slavers","floor":27,"turns":1},{"damage":15,"enemies":"Book of Stabbing","floor":29,"turns":3},{"damage":0,"enemies":"3 Cultists","floor":31,"turns":2},{"damage":51,"enemies":"Champ","floor":33,"turns":8},{"damage":18,"enemies":"3 Shapes","floor":35,"turns":2},{"damage":0,"enemies":"3 Darklings","floor":39,"turns":1},{"damage":19,"enemies":"Reptomancer","floor":40,"turns":3},{"damage":0,"enemies":"Transient","floor":41,"turns":5},{"damage":8,"enemies":"Mind Bloom Boss Battle","floor":42,"turns":5},{"damage":0,"enemies":"Maw","floor":45,"turns":5},{"damage":2,"enemies":"Giant Head","floor":47,"turns":6},{"damage":44,"enemies":"Donu and Deca","floor":50,"turns":8}],"seed_played":"-563189365481649366","potions_obtained":[{"floor":1,"key":"LiquidBronze"},{"floor":10,"key":"Block Potion"},{"floor":22,"key":"Dexterity Potion"},{"floor":23,"key":"Explosive Potion"},{"floor":41,"key":"FearPotion"},{"floor":42,"key":"Block Potion"},{"floor":47,"key":"LiquidMemories"}],"is_trial":false,"path_per_floor":["M","M","?","?","?","R","E","$","T","E","M","R","$","M","R","B",null,"M","?","?","$","M","E","R","M","T","E","?","E","R","M","R","B",null,"M","?","T","$","M","E","M","?","T","$","M","R","E","?","R","B",null],"character_chosen":"THE_SILENT","items_purchased":["Panache","Well Laid Plans","Acrobatics","Concentrate","Flash of Steel","Footwork"],"campfire_rested":1,"item_purchase_floors":[13,38,38,44,44,44],"current_hp_per_floor":[63,63,56,45,38,38,45,45,45,27,29,52,52,51,51,32,66,65,51,51,51,57,46,46,57,57,57,57,46,46,52,52,21,48,38,38,38,38,46,35,54,54,54,54,54,54,54,54,54,19],"gold":184,"neow_bonus":"THREE_ENEMY_KILL","is_prod":false,"is_daily":false,"chose_seed":false,"campfire_upgraded":6,"win_rate":0,"timestamp":1677798817,"path_taken":["M","M","?","?","?","R","E","$","T","E","M","R","?","M","R","BOSS","M","?","?","$","M","E","R","M","T","E","?","E","R","M","R","BOSS","M","?","?","$","M","E","?","?","T","$","M","R","E","?","R","BOSS"],"build_version":"2022-12-18","purchased_purges":3,"victory":true,"max_hp_per_floor":[70,70,70,70,70,70,77,77,77,77,77,77,77,77,77,77,77,77,82,57,57,57,57,57,57,57,57,57,57,57,57,57,57,57,57,54,54,54,54,54,54,54,54,54,54,54,54,54,54,54],"card_choices":[{"not_picked":["Skewer","Slice"],"picked":"Backflip","floor":1},{"not_picked":["Deflect","Backflip"],"picked":"Quick Slash","floor":2},{"not_picked":["Deflect","Flechettes"],"picked":"Dagger Throw","floor":7},{"not_picked":["Bane","Quick Slash"],"picked":"Blade Dance","floor":10},{"not_picked":["Expertise","Heel Hook","Acrobatics"],"picked":"SKIP","floor":11},{"not_picked":["Dagger Throw","Poisoned Stab"],"picked":"Prepared","floor":14},{"not_picked":["Doppelganger","Glass Knife"],"picked":"Adrenaline","floor":16},{"not_picked":["Expertise"],"picked":"SKIP","floor":18},{"not_picked":[],"picked":"Reflex","floor":22},{"not_picked":["Dagger Throw+1"],"picked":"SKIP","floor":23},{"not_picked":["Prepared+1"],"picked":"SKIP","floor":25},{"not_picked":[],"picked":"Setup+1","floor":27},{"not_picked":["Dagger Throw"],"picked":"SKIP","floor":29},{"not_picked":[],"picked":"Backflip","floor":31},{"not_picked":["Bane"],"picked":"SKIP","floor":35},{"not_picked":[],"picked":"Deadly Poison+1","floor":39},{"not_picked":["Acrobatics+1"],"picked":"SKIP","floor":40},{"not_picked":[],"picked":"Acrobatics+1","floor":40},{"not_picked":["Flying Knee+1"],"picked":"SKIP","floor":41},{"not_picked":[],"picked":"Predator","floor":45},{"not_picked":["Caltrops"],"picked":"SKIP","floor":47}],"player_experience":644193,"relics_obtained":[{"floor":7,"key":"Strawberry"},{"floor":9,"key":"Bird Faced Urn"},{"floor":10,"key":"Dead Branch"},{"floor":23,"key":"Ninja Scroll"},{"floor":26,"key":"Toy Ornithopter"},{"floor":27,"key":"The Courier"},{"floor":29,"key":"Ginger"},{"floor":37,"key":"Turnip"},{"floor":40,"key":"Orichalcum"},{"floor":42,"key":"Shovel"},{"floor":43,"key":"Regal Pillow"},{"floor":46,"key":"War Paint"},{"floor":47,"key":"MawBank"}],"event_choices":[{"cards_removed":["Strike_G"],"damage_healed":0,"gold_gain":0,"player_choice":"Card Removal","damage_taken":7,"max_hp_gain":0,"max_hp_loss":0,"event_name":"Golden Wing","floor":3,"gold_loss":0},{"damage_healed":0,"gold_gain":75,"player_choice":"Gather Gold","damage_taken":11,"max_hp_gain":0,"max_hp_loss":0,"event_name":"World of Goop","floor":4,"gold_loss":0},{"damage_healed":0,"gold_gain":0,"player_choice":"Success","damage_taken":7,"relics_obtained":["Letter Opener"],"max_hp_gain":0,"max_hp_loss":0,"event_name":"Scrap Ooze","floor":5,"gold_loss":0},{"damage_healed":0,"gold_gain":0,"player_choice":"Shed Blood","damage_taken":19,"max_hp_gain":5,"max_hp_loss":0,"event_name":"Forgotten Altar","floor":19,"gold_loss":0},{"damage_healed":0,"gold_gain":0,"player_choice":"Became a vampire","damage_taken":0,"max_hp_gain":0,"max_hp_loss":25,"event_name":"Vampires","floor":20,"gold_loss":0,"cards_obtained":["Bite","Bite","Bite","Bite","Bite"]},{"damage_healed":0,"gold_gain":0,"player_choice":"Read","damage_taken":0,"max_hp_gain":0,"max_hp_loss":0,"event_name":"The Library","floor":28,"gold_loss":0,"cards_obtained":["Eviscerate"]},{"damage_healed":0,"gold_gain":0,"player_choice":"Max HP","damage_taken":0,"max_hp_gain":0,"max_hp_loss":3,"event_name":"Winding Halls","floor":36,"gold_loss":0},{"damage_healed":0,"gold_gain":0,"player_choice":"Fight","damage_taken":0,"max_hp_gain":0,"max_hp_loss":0,"event_name":"MindBloom","floor":42,"gold_loss":0},{"cards_removed":["Bite"],"damage_healed":0,"gold_gain":0,"player_choice":"Removed Attack","damage_taken":0,"max_hp_gain":0,"max_hp_loss":0,"event_name":"Falling","floor":48,"gold_loss":0}],"is_beta":false,"boss_relics":[{"not_picked":["Tiny House","Runic Pyramid"],"picked":"Busted Crown"},{"not_picked":["Velvet Choker","Fusion Hammer"],"picked":"Cursed Key"}],"items_purged_floors":[8,21,38],"is_endless":false,"potions_floor_spawned":[1,10,22,23,27,29,41,42,45,47],"ascension_level":9}