{"gold_per_floor":[11,27,46,46,65,65,99,117,117,117,117,117,117],"floor_reached":13,"playtime":781,"items_purged":[],"score":123,"play_id":"81960e9f-83ab-4a88-93bf-a54d6f4c56b3","local_time":"20230223185534","is_ascension_mode":true,"campfire_choices":[{"data":"Neutralize","floor":6,"key":"SMITH"},{"floor":12,"key":"REST"}],"neow_cost":"NO_GOLD","seed_source_timestamp":71823550596400,"circlet_count":0,"master_deck":["Strike_G","Strike_G","Strike_G","Strike_G","Defend_G","Defend_G","Defend_G","Defend_G","Defend_G","Survivor","Neutralize+1","Outmaneuver","Poisoned Stab","Dagger Spray","Cloak And Dagger"],"special_seed":0,"relics":["Ring of the Snake","StoneCalendar","Letter Opener","Molten Egg 2","Gremlin Horn"],"potions_floor_usage":[7,13],"damage_taken":[{"damage":1.0,"enemies":"Cultist","floor":1.0,"turns":3.0},{"damage":0.0,"enemies":"2 Louse","floor":2.0,"turns":3.0},{"damage":1.0,"enemies":"Jaw Worm","floor":3.0,"turns":5.0},{"damage":4,"enemies":"Red Slaver","floor":5,"turns":6},{"damage":24,"enemies":"3 Sentries","floor":7,"turns":7},{"damage":10,"enemies":"Lots of Slimes","floor":8,"turns":3},{"damage":37,"enemies":"Gremlin Nob","floor":13,"turns":4}],"seed_played":"-1150395004228814494","potions_obtained":[{"floor":3.0,"key":"Swift Potion"},{"floor":8,"key":"EssenceOfSteel"}],"is_trial":false,"path_per_floor":["M","M","M","?","M","R","E","M","T","?","?","R","E"],"character_chosen":"THE_SILENT","items_purchased":[],"campfire_rested":1,"item_purchase_floors":[],"current_hp_per_floor":[62,62,61,61,57,57,33,23,23,20,13,34,0],"gold":117,"neow_bonus":"ONE_RARE_RELIC","is_prod":false,"is_daily":false,"chose_seed":false,"campfire_upgraded":1,"win_rate":0,"timestamp":1677207334,"path_taken":["M","M","M","?","M","R","E","M","T","?","?","R","E"],"build_version":"2022-12-18","purchased_purges":0,"victory":false,"max_hp_per_floor":[70,70,70,70,70,70,70,70,70,70,70,70,70],"card_choices":[{"not_picked":["Underhanded Strike","Reflex","Bane"],"picked":"SKIP","floor":1.0},{"not_picked":["Finisher","Accuracy"],"picked":"Outmaneuver","floor":2.0},{"not_picked":["Acrobatics","Dodge and Roll"],"picked":"Poisoned Stab","floor":3.0},{"not_picked":["Poisoned Stab","Outmaneuver","Concentrate"],"picked":"SKIP","floor":5},{"not_picked":["Prepared","Eviscerate"],"picked":"Dagger Spray","floor":7},{"not_picked":["Underhanded Strike","Choke"],"picked":"Cloak And Dagger","floor":8}],"player_experience":626744,"relics_obtained":[{"floor":7,"key":"Letter Opener"},{"floor":9,"key":"Molten Egg 2"}],"event_choices":[{"cards_removed":["Strike_G"],"damage_healed":0,"gold_gain":0,"player_choice":"Forget","damage_taken":0,"max_hp_gain":0,"max_hp_loss":0,"event_name":"Living Wall","floor":4,"gold_loss":0},{"damage_healed":0,"gold_gain":0,"player_choice":"Success","damage_taken":3,"relics_obtained":["Gremlin Horn"],"max_hp_gain":0,"max_hp_loss":0,"event_name":"Scrap Ooze","floor":10,"gold_loss":0},{"damage_healed":0,"gold_gain":0,"player_choice":"Damaged","damage_taken":7,"max_hp_gain":0,"max_hp_loss":0,"event_name":"Wheel of Change","floor":11,"gold_loss":0}],"is_beta":false,"boss_relics":[],"items_purged_floors":[],"is_endless":false,"potions_floor_spawned":[3,8],"killed_by":"Gremlin Nob","ascension_level":9}