{"gold_per_floor":[117,135,60,79,97,97,123,123,123,123,143,143,166,183,183,183],"floor_reached":16,"playtime":1061,"items_purged":["Strike_G"],"score":153,"play_id":"eb04a5aa-bd8f-4c54-bc44-f60b86a3dbcc","local_time":"20230302173959","is_ascension_mode":true,"campfire_choices":[{"floor":6,"key":"REST"},{"floor":8,"key":"REST"},{"data":"Night Terror","floor":10,"key":"SMITH"},{"data":"Tactician","floor":12,"key":"SMITH"},{"floor":15,"key":"REST"}],"neow_cost":"PERCENT_DAMAGE","seed_source_timestamp":168137326478200,"circlet_count":0,"master_deck":["AscendersBane","Strike_G","Strike_G","Strike_G","Defend_G","Defend_G","Defend_G","Defend_G","Survivor","Neutralize","Die Die Die","Prepared","Reflex","Night Terror+1","Tactician+1","Escape Plan","Dagger Throw","Backflip"],"special_seed":0,"relics":["Ring of the Snake","Oddly Smooth Stone","MealTicket","Odd Mushroom"],"potions_floor_usage":[5,5,7,11,16],"damage_taken":[{"damage":0.0,"enemies":"Cultist","floor":1.0,"turns":4.0},{"damage":3.0,"enemies":"Jaw Worm","floor":2.0,"turns":5.0},{"damage":3.0,"enemies":"Small Slimes","floor":4.0,"turns":3.0},{"damage":5,"enemies":"Gremlin Gang","floor":5,"turns":4},{"damage":42,"enemies":"Gremlin Nob","floor":7,"turns":5},{"damage":0,"enemies":"Red Slaver","floor":11,"turns":3},{"damage":9,"enemies":"The Mushroom Lair","floor":13,"turns":5},{"damage":0,"enemies":"2 Fungi Beasts","floor":14,"turns":2},{"damage":69,"enemies":"The Guardian","floor":16,"turns":14}],"seed_played":"-8798743824438534088","potions_obtained":[{"floor":1.0,"key":"SkillPotion"},{"floor":2.0,"key":"Swift Potion"},{"floor":5,"key":"SteroidPotion"},{"floor":7,"key":"Regen Potion"},{"floor":13,"key":"Dexterity Potion"}],"is_trial":false,"path_per_floor":["M","M","$","M","M","R","E","R","T","R","M","R","?","M","R","B"],"character_chosen":"THE_SILENT","items_purchased":[],"campfire_rested":3,"item_purchase_floors":[],"current_hp_per_floor":[45,42,42,39,34,55,13,34,34,34,43,43,34,34,55,0],"gold":183,"neow_bonus":"TRANSFORM_TWO_CARDS","is_prod":false,"is_daily":false,"chose_seed":false,"campfire_upgraded":2,"win_rate":0,"timestamp":1677807599,"path_taken":["M","M","$","?","M","R","E","R","T","R","M","R","?","M","R","BOSS"],"build_version":"2022-12-18","purchased_purges":1,"victory":false,"max_hp_per_floor":[70,70,70,70,70,70,70,70,70,70,70,70,70,70,70,70],"card_choices":[{"not_picked":["Distraction","Acrobatics"],"picked":"Reflex","floor":1.0},{"not_picked":["Quick Slash","Bane","Endless Agony"],"picked":"SKIP","floor":2.0},{"not_picked":["Dagger Spray","Cloak And Dagger"],"picked":"Night Terror","floor":4.0},{"not_picked":["Slice","Escape Plan"],"picked":"Tactician","floor":5},{"not_picked":["Dagger Spray","Sucker Punch","Riddle With Holes"],"picked":"SKIP","floor":7},{"not_picked":["Flechettes","Acrobatics"],"picked":"Escape Plan","floor":11},{"not_picked":["Riddle With Holes","Crippling Poison"],"picked":"Dagger Throw","floor":13},{"not_picked":["Sucker Punch","Dagger Spray"],"picked":"Backflip","floor":14}],"player_experience":649457,"relics_obtained":[{"floor":7,"key":"Oddly Smooth Stone"},{"floor":9,"key":"MealTicket"},{"floor":13,"key":"Odd Mushroom"}],"event_choices":[{"damage_healed":0,"gold_gain":0,"player_choice":"Fought Mushrooms","damage_taken":0,"max_hp_gain":0,"max_hp_loss":0,"event_name":"Mushrooms","floor":13,"gold_loss":0}],"is_beta":false,"boss_relics":[],"items_purged_floors":[3],"is_endless":false,"potions_floor_spawned":[1,2,5,7,13],"killed_by":"The Guardian","ascension_level":10}