{"gold_per_floor":[112,128,143,162,11,11,38,38,63,74,74,85,160,187,187,187],"floor_reached":16,"playtime":1019,"items_purged":["Injury"],"score":190,"play_id":"bb7f8449-7d6c-43fe-b5e1-a093dbaeeead","local_time":"20230312174550","is_ascension_mode":true,"campfire_choices":[{"data":"Neutralize","floor":6.0,"key":"SMITH"},{"floor":8.0,"key":"REST"},{"floor":15.0,"key":"REST"}],"neow_cost":"CURSE","seed_source_timestamp":0,"circlet_count":0,"master_deck":["AscendersBane","Strike_G","Strike_G","Strike_G","Strike_G","Strike_G","Defend_G","Defend_G+1","Defend_G","Defend_G","Defend_G","Survivor","Neutralize+1","Dagger Throw","Deadly Poison","Tactician+1","Well Laid Plans","Acrobatics","Eviscerate"],"special_seed":0,"relics":["Ring of the Snake","Ginger","Oddly Smooth Stone","War Paint","MealTicket"],"potions_floor_usage":[],"damage_taken":[{"damage":6.0,"enemies":"2 Louse","floor":1.0,"turns":6.0},{"damage":2.0,"enemies":"Jaw Worm","floor":2.0,"turns":6.0},{"damage":0.0,"enemies":"Small Slimes","floor":3.0,"turns":3.0},{"damage":0.0,"enemies":"Looter","floor":4.0,"turns":4.0},{"damage":22.0,"enemies":"Gremlin Nob","floor":7.0,"turns":5.0},{"damage":0.0,"enemies":"Blue Slaver","floor":10.0,"turns":3.0},{"damage":3.0,"enemies":"2 Fungi Beasts","floor":12.0,"turns":3.0},{"damage":10.0,"enemies":"3 Sentries","floor":14.0,"turns":10.0},{"damage":44,"enemies":"Slime Boss","floor":16,"turns":10}],"seed_played":"-856629173329344868","potions_obtained":[{"floor":1.0,"key":"SkillPotion"},{"floor":2.0,"key":"SpeedPotion"},{"floor":4.0,"key":"Explosive Potion"},{"floor":7.0,"key":"Block Potion"}],"is_trial":false,"path_per_floor":["M","M","M","M","$","R","E","R","T","M","$","M","?","E","R","B"],"character_chosen":"THE_SILENT","items_purchased":["Well Laid Plans"],"campfire_rested":2,"item_purchase_floors":[5],"current_hp_per_floor":[53,51,51,51,51,51,29,48,48,48,48,45,34,24,43,0],"gold":187,"neow_bonus":"ONE_RARE_RELIC","is_prod":false,"is_daily":false,"chose_seed":false,"campfire_upgraded":1,"win_rate":0,"timestamp":1678668350,"path_taken":["M","M","M","M","$","R","E","R","T","M","$","M","?","E","R","BOSS"],"build_version":"2022-12-18","purchased_purges":1,"victory":false,"max_hp_per_floor":[66,66,66,66,66,66,66,66,66,66,66,66,66,66,66,66],"card_choices":[{"not_picked":["Deflect","Bane","Endless Agony"],"picked":"SKIP","floor":1.0},{"not_picked":["Deflect","Eviscerate"],"picked":"Dagger Throw","floor":2.0},{"not_picked":["Expertise","Eviscerate"],"picked":"Deadly Poison","floor":3.0},{"not_picked":["Eviscerate","Dagger Spray"],"picked":"Tactician","floor":4.0},{"not_picked":["Wraith Form v2","Deadly Poison","Sucker Punch"],"picked":"SKIP","floor":7.0},{"not_picked":["Sucker Punch","Accuracy"],"picked":"Acrobatics","floor":10.0},{"not_picked":["Riddle With Holes","Deadly Poison"],"picked":"Eviscerate","floor":12.0},{"not_picked":["Deadly Poison","Acrobatics","Quick Slash"],"picked":"SKIP","floor":14.0}],"player_experience":709122,"relics_obtained":[{"floor":7.0,"key":"Oddly Smooth Stone"},{"floor":9.0,"key":"War Paint"},{"floor":14.0,"key":"MealTicket"}],"event_choices":[{"damage_healed":0.0,"max_hp_gain":0.0,"max_hp_loss":0.0,"gold_gain":75.0,"event_name":"World of Goop","player_choice":"Gather Gold","floor":13.0,"gold_loss":0.0,"damage_taken":11.0}],"is_beta":false,"boss_relics":[],"items_purged_floors":[5],"is_endless":false,"potions_floor_spawned":[1,2,4,7],"killed_by":"Slime Boss","ascension_level":14}