{"gold_per_floor":[20,32,45,45,62,62,62,80,103,136,156,185,185,31,31,106,106,121,138,38,38,0,0,30,30,30,30,46,65,84,118,118,195,195,205,220,32,32,46,46,71,41,66,66,101,120,120,120,120,120],"floor_reached":51,"playtime":4577,"items_purged":["Strike_G","Strike_G"],"score":1260,"play_id":"dc7bb1e3-c5cc-417b-86fd-f01d36560637","local_time":"20230328215505","is_ascension_mode":true,"campfire_choices":[{"data":"Secret Technique","floor":6.0,"key":"SMITH"},{"floor":13.0,"key":"REST"},{"data":"Setup","floor":15.0,"key":"SMITH"},{"floor":23.0,"key":"REST"},{"data":"Malaise","floor":25.0,"key":"SMITH"},{"data":"Catalyst","floor":27.0,"key":"SMITH"},{"floor":32.0,"key":"REST"},{"floor":40.0,"key":"REST"},{"data":"Apotheosis","floor":44.0,"key":"SMITH"},{"floor":47,"key":"REST"},{"floor":49,"key":"REST"}],"neow_cost":"NO_GOLD","seed_source_timestamp":679694499075500,"circlet_count":0,"master_deck":["AscendersBane","Strike_G","Defend_G","Defend_G","Defend_G","Defend_G","Survivor","Neutralize+1","Secret Technique+1","Acrobatics","Blade Dance","Dash","Predator","Deadly Poison","Setup+1","Backstab+1","Bouncing Flask","Malaise+1","Catalyst+1","Acrobatics","Footwork+1","Footwork+1","Prepared","Reflex","Leg Sweep","Burst","Wraith Form v2+1","Apotheosis+1","Enlightenment","Metamorphosis","Acrobatics+1","Footwork+1","Adrenaline","Calculated Gamble"],"special_seed":0,"relics":["Ring of the Snake","Bronze Scales","Snake Skull","Dream Catcher","Frozen Egg 2","Philosopher\u0027s Stone","Calipers","CaptainsWheel","Akabeko","Empty Cage","StoneCalendar","Whetstone","Question Card"],"potions_floor_usage":[50,50],"damage_taken":[{"damage":7.0,"enemies":"Jaw Worm","floor":1.0,"turns":7.0},{"damage":0.0,"enemies":"2 Louse","floor":2.0,"turns":3.0},{"damage":6.0,"enemies":"Small Slimes","floor":3.0,"turns":6.0},{"damage":2.0,"enemies":"Red Slaver","floor":5.0,"turns":4.0},{"damage":0.0,"enemies":"Blue Slaver","floor":8.0,"turns":4.0},{"damage":9.0,"enemies":"Lagavulin","floor":10.0,"turns":7.0},{"damage":1.0,"enemies":"Large Slime","floor":11.0,"turns":6.0},{"damage":7.0,"enemies":"3 Sentries","floor":12.0,"turns":9.0},{"damage":9.0,"enemies":"The Guardian","floor":16.0,"turns":8.0},{"damage":4.0,"enemies":"3 Byrds","floor":18.0,"turns":4.0},{"damage":25.0,"enemies":"2 Thieves","floor":19.0,"turns":3.0},{"damage":6.0,"enemies":"Book of Stabbing","floor":24.0,"turns":5.0},{"damage":0.0,"enemies":"Shelled Parasite and Fungi","floor":28.0,"turns":6.0},{"damage":5.0,"enemies":"Centurion and Healer","floor":29.0,"turns":7.0},{"damage":2.0,"enemies":"Chosen and Byrds","floor":30.0,"turns":5.0},{"damage":16.0,"enemies":"Slavers","floor":31.0,"turns":8.0},{"damage":14.0,"enemies":"Automaton","floor":33.0,"turns":14.0},{"damage":9.0,"enemies":"Orb Walker","floor":35.0,"turns":5.0},{"damage":0.0,"enemies":"3 Shapes","floor":36.0,"turns":6.0},{"damage":22.0,"enemies":"Jaw Worm Horde","floor":39.0,"turns":7.0},{"damage":0.0,"enemies":"Mind Bloom Boss Battle","floor":41.0,"turns":6.0},{"damage":1.0,"enemies":"Giant Head","floor":45.0,"turns":7.0},{"damage":18.0,"enemies":"Sphere and 2 Shapes","floor":46.0,"turns":7.0},{"damage":35,"enemies":"Awakened One","floor":50,"turns":20}],"seed_played":"-1219519472830688432","potions_obtained":[{"floor":1.0,"key":"DistilledChaos"},{"floor":2.0,"key":"LiquidMemories"},{"floor":12.0,"key":"SmokeBomb"},{"floor":18.0,"key":"Energy Potion"},{"floor":19.0,"key":"SpeedPotion"},{"floor":29.0,"key":"LiquidBronze"},{"floor":30.0,"key":"SkillPotion"},{"floor":36.0,"key":"SneckoOil"},{"floor":39.0,"key":"FearPotion"},{"floor":42.0,"key":"SneckoOil"}],"is_trial":false,"path_per_floor":["M","M","M","?","M","R","?","M","T","E","M","E","R","$","R","B",null,"M","M","$","?","?","R","E","R","T","R","M","M","M","E","R","B",null,"M","M","$","?","M","R","?","?","T","R","E","M","R","?","R","B",null],"character_chosen":"THE_SILENT","items_purchased":["Bouncing Flask","Apotheosis"],"campfire_rested":6,"item_purchase_floors":[14,37],"current_hp_per_floor":[52,52,46,39,37,37,37,37,37,28,27,20,39,39,39,30,57,53,28,28,28,28,47,41,41,41,41,41,36,34,18,37,23,55,46,46,46,41,19,38,38,38,38,38,37,19,38,38,57,22],"gold":120,"neow_bonus":"RANDOM_COLORLESS_2","is_prod":false,"is_daily":false,"chose_seed":false,"campfire_upgraded":5,"win_rate":0,"timestamp":1680065705,"path_taken":["M","M","M","?","M","R","?","M","T","E","M","E","R","$","R","BOSS","M","M","$","?","?","R","E","R","T","R","M","M","M","E","R","BOSS","M","M","$","?","M","R","?","?","T","R","E","?","R","?","R","BOSS"],"build_version":"2022-12-18","purchased_purges":2,"victory":true,"max_hp_per_floor":[66,66,66,66,66,66,66,66,66,66,66,66,66,66,66,66,66,66,66,66,66,66,66,66,66,66,66,66,66,66,66,66,66,66,66,66,66,66,66,66,66,66,66,66,66,66,66,66,66,66],"card_choices":[{"not_picked":["Transmutation","Magnetism"],"picked":"Secret Technique","floor":0.0},{"not_picked":["Dagger Spray","Sucker Punch"],"picked":"Acrobatics","floor":1.0},{"not_picked":["Quick Slash","Cloak And Dagger","Doppelganger"],"picked":"SKIP","floor":2.0},{"not_picked":["PiercingWail","Cloak And Dagger"],"picked":"Blade Dance","floor":3.0},{"not_picked":["Dagger Throw","Underhanded Strike"],"picked":"Dash","floor":5.0},{"not_picked":["Night Terror","Cloak And Dagger"],"picked":"Predator","floor":8.0},{"not_picked":["Quick Slash","Choke","Eviscerate"],"picked":"SKIP","floor":10.0},{"not_picked":["Sucker Punch","Quick Slash"],"picked":"Deadly Poison","floor":11.0},{"not_picked":["Heel Hook","Distraction"],"picked":"Setup","floor":12.0},{"not_picked":["Caltrops+1","Escape Plan"],"picked":"Backstab","floor":13.0},{"not_picked":["Unload","Venomology"],"picked":"Malaise","floor":16.0},{"not_picked":["Setup","Cloak And Dagger"],"picked":"Catalyst","floor":18.0},{"not_picked":["Bane","Deadly Poison"],"picked":"Acrobatics","floor":19.0},{"not_picked":["Bullet Time","Heel Hook"],"picked":"Footwork+1","floor":24.0},{"not_picked":["Dodge and Roll+1","PiercingWail"],"picked":"Prepared","floor":28.0},{"not_picked":["Dodge and Roll","Flechettes"],"picked":"Reflex","floor":29.0},{"not_picked":["Flying Knee+1","PiercingWail"],"picked":"Leg Sweep","floor":30.0},{"not_picked":["Setup+1","Grand Finale"],"picked":"Burst","floor":31.0},{"not_picked":["Storm of Steel","A Thousand Cuts+1"],"picked":"Wraith Form v2+1","floor":33.0},{"not_picked":["Acrobatics","Reflex+1","Choke"],"picked":"SKIP","floor":35.0},{"not_picked":["Bane","Deadly Poison","Slice"],"picked":"SKIP","floor":36.0},{"not_picked":["Apotheosis","Transmutation"],"picked":"Enlightenment","floor":38.0},{"not_picked":["Finesse","The Bomb"],"picked":"Metamorphosis","floor":38.0},{"not_picked":["Flying Knee","Choke","PiercingWail"],"picked":"SKIP","floor":39.0},{"not_picked":["Reflex+1","Poisoned Stab+1"],"picked":"Acrobatics+1","floor":40.0},{"not_picked":["Masterful Stab","Dagger Spray+1"],"picked":"Footwork+1","floor":45.0},{"not_picked":["Flying Knee","Dodge and Roll","Acrobatics+1"],"picked":"Adrenaline","floor":46.0},{"not_picked":["Underhanded Strike","Sucker Punch","Cloak And Dagger+1"],"picked":"Calculated Gamble","floor":49}],"player_experience":775300,"relics_obtained":[{"floor":9.0,"key":"Snake Skull"},{"floor":10.0,"key":"Dream Catcher"},{"floor":12.0,"key":"Frozen Egg 2"},{"floor":24.0,"key":"Calipers"},{"floor":26.0,"key":"CaptainsWheel"},{"floor":31.0,"key":"Akabeko"},{"floor":41.0,"key":"StoneCalendar"},{"floor":43.0,"key":"Whetstone"},{"floor":45.0,"key":"Question Card"}],"event_choices":[{"cards_removed":["Strike_G"],"damage_healed":0.0,"max_hp_gain":0.0,"max_hp_loss":0.0,"gold_gain":0.0,"event_name":"Golden Wing","player_choice":"Card Removal","floor":4.0,"gold_loss":0.0,"damage_taken":7.0},{"damage_healed":0.0,"max_hp_gain":0.0,"max_hp_loss":0.0,"gold_gain":0.0,"event_name":"Dead Adventurer","player_choice":"Searched \u00271\u0027 times","floor":7.0,"gold_loss":0.0,"damage_taken":0.0,"relics_obtained":["Bronze Scales"]},{"damage_healed":0.0,"max_hp_gain":0.0,"max_hp_loss":0.0,"gold_gain":0.0,"event_name":"The Library","player_choice":"Read","floor":21.0,"gold_loss":0.0,"damage_taken":0.0,"cards_obtained":["Footwork"]},{"damage_healed":0.0,"max_hp_gain":0.0,"max_hp_loss":0.0,"gold_gain":0.0,"event_name":"Masked Bandits","player_choice":"Paid Fearfully","floor":22.0,"gold_loss":38.0,"damage_taken":0.0},{"damage_healed":0.0,"max_hp_gain":0.0,"max_hp_loss":0.0,"gold_gain":0.0,"event_name":"SensoryStone","player_choice":"Memory 2","floor":38.0,"gold_loss":0.0,"damage_taken":5.0},{"damage_healed":0.0,"max_hp_gain":0.0,"max_hp_loss":0.0,"gold_gain":0.0,"event_name":"MindBloom","player_choice":"Fight","floor":41.0,"gold_loss":0.0,"damage_taken":0.0},{"damage_healed":0.0,"max_hp_gain":0.0,"max_hp_loss":0.0,"gold_gain":0.0,"event_name":"The Woman in Blue","player_choice":"Bought 2 Potions","floor":42.0,"gold_loss":0.0,"damage_taken":0.0},{"damage_healed":0,"gold_gain":0,"player_choice":"Ignored","damage_taken":0,"max_hp_gain":0,"max_hp_loss":0,"event_name":"Mysterious Sphere","floor":48,"gold_loss":0}],"is_beta":false,"boss_relics":[{"not_picked":["Ring of the Serpent","Coffee Dripper"],"picked":"Philosopher\u0027s Stone"},{"not_picked":["Black Star","SlaversCollar"],"picked":"Empty Cage"}],"items_purged_floors":[14,20],"is_endless":false,"potions_floor_spawned":[1,2,12,18,19,29,30,36,39],"ascension_level":16}