{"gold_per_floor":[115,115,126,143,154,154,154,154,154,173,207,222,222,22,22,101,101,112,85,101,101,121,146,158,184,196,240,271,296,328,1,1,1],"floor_reached":33,"playtime":2922,"items_purged":["Defend_G"],"score":620,"play_id":"ec0bd424-f98d-46e0-a025-10c43fcd14a3","local_time":"20230911192018","is_ascension_mode":true,"campfire_choices":[{"data":"Neutralize","floor":6.0,"key":"SMITH"},{"data":"Predator","floor":8.0,"key":"SMITH"},{"data":"Dagger Spray","floor":13.0,"key":"SMITH"},{"data":"Apotheosis","floor":15.0,"key":"SMITH"},{"floor":24.0,"key":"REST"},{"floor":32.0,"key":"REST"}],"neow_cost":"PERCENT_DAMAGE","seed_source_timestamp":0,"circlet_count":0,"master_deck":["AscendersBane","Strike_G","Strike_G","Strike_G","Strike_G","Defend_G","Defend_G","Defend_G","Survivor","Neutralize+1","Backstab","Predator+1","Backflip","Dagger Throw","Dagger Spray+1","Deflect","Apotheosis+1","Malaise","Calculated Gamble","Reflex","Malaise","Backflip","Blur","Outmaneuver","Underhanded Strike","Infinite Blades"],"special_seed":0,"relics":["Ring of the Snake","Matryoshka","Lantern","Philosopher\u0027s Stone","MawBank","Bag of Preparation","Strawberry","Gremlin Horn","Bottled Lightning"],"potions_floor_usage":[33,33],"damage_taken":[{"damage":4.0,"enemies":"Small Slimes","floor":1.0,"turns":5.0},{"damage":0.0,"enemies":"2 Louse","floor":3.0,"turns":3.0},{"damage":0.0,"enemies":"Cultist","floor":4.0,"turns":3.0},{"damage":5.0,"enemies":"Exordium Thugs","floor":5.0,"turns":4.0},{"damage":1.0,"enemies":"Gremlin Gang","floor":10.0,"turns":4.0},{"damage":18.0,"enemies":"3 Sentries","floor":11.0,"turns":7.0},{"damage":0.0,"enemies":"Red Slaver","floor":12.0,"turns":2.0},{"damage":27.0,"enemies":"The Guardian","floor":16.0,"turns":15.0},{"damage":7.0,"enemies":"Shell Parasite","floor":18.0,"turns":5.0},{"damage":2.0,"enemies":"2 Thieves","floor":19.0,"turns":4.0},{"damage":0.0,"enemies":"Centurion and Healer","floor":20.0,"turns":5.0},{"damage":15.0,"enemies":"Cultist and Chosen","floor":22.0,"turns":7.0},{"damage":24.0,"enemies":"Slavers","floor":23.0,"turns":8.0},{"damage":9.0,"enemies":"Chosen and Byrds","floor":25.0,"turns":10.0},{"damage":0.0,"enemies":"Gremlin Leader","floor":27.0,"turns":8.0},{"damage":1.0,"enemies":"Sentry and Sphere","floor":28.0,"turns":8.0},{"damage":0.0,"enemies":"Centurion and Healer","floor":29.0,"turns":5.0},{"damage":8.0,"enemies":"Shelled Parasite and Fungi","floor":30.0,"turns":7.0},{"damage":44,"enemies":"Champ","floor":33,"turns":8}],"seed_played":"-7081704403138310088","potions_obtained":[{"floor":3.0,"key":"FearPotion"},{"floor":5.0,"key":"ColorlessPotion"},{"floor":10.0,"key":"Ancient Potion"},{"floor":12.0,"key":"Ancient Potion"},{"floor":16.0,"key":"SteroidPotion"},{"floor":19.0,"key":"Energy Potion"},{"floor":25.0,"key":"PowerPotion"},{"floor":28.0,"key":"FearPotion"}],"is_trial":false,"path_per_floor":["M","?","M","M","M","R","?","R","T","M","E","M","R","$","R","B",null,"M","M","M","?","M","E","R","M","T","E","M","M","M","$","R","B"],"character_chosen":"THE_SILENT","items_purchased":["Apotheosis","Bottled Lightning"],"campfire_rested":2,"item_purchase_floors":[14,31],"current_hp_per_floor":[40,62,62,62,57,57,66,66,66,65,47,47,47,47,47,20,55,48,46,46,46,31,7,26,17,24,24,23,23,15,15,36,0],"gold":1,"neow_bonus":"REMOVE_TWO","is_prod":false,"is_daily":false,"chose_seed":false,"campfire_upgraded":4,"win_rate":0,"timestamp":1694485218,"path_taken":["M","?","M","M","M","R","?","R","T","M","E","?","R","$","R","BOSS","M","M","M","?","M","E","R","M","T","E","M","M","?","?","R","BOSS"],"build_version":"2022-12-18","purchased_purges":1,"victory":false,"max_hp_per_floor":[66,66,66,66,66,66,66,66,66,66,66,66,66,66,66,66,66,66,66,66,66,66,66,66,66,73,73,73,73,73,73,73,73],"card_choices":[{"not_picked":["Quick Slash","PiercingWail"],"picked":"Backstab","floor":1.0},{"not_picked":["Concentrate","Well Laid Plans"],"picked":"Predator","floor":3.0},{"not_picked":["Quick Slash","Blur"],"picked":"Backflip","floor":4.0},{"not_picked":["PiercingWail","Sucker Punch"],"picked":"Dagger Throw","floor":5.0},{"not_picked":["All Out Attack","Predator","Quick Slash"],"picked":"SKIP","floor":10.0},{"not_picked":["Backstab","Finisher"],"picked":"Dagger Spray","floor":11.0},{"not_picked":["Dagger Spray","Distraction"],"picked":"Deflect","floor":12.0},{"not_picked":["Wraith Form v2","Burst"],"picked":"Malaise","floor":16.0},{"not_picked":["Outmaneuver","Expertise","Endless Agony"],"picked":"SKIP","floor":18.0},{"not_picked":["Deadly Poison","Escape Plan"],"picked":"Calculated Gamble","floor":19.0},{"not_picked":["PiercingWail+1","Expertise"],"picked":"Reflex","floor":20.0},{"not_picked":["Backstab","Underhanded Strike"],"picked":"Backflip","floor":22.0},{"not_picked":["Riddle With Holes","Masterful Stab","Caltrops"],"picked":"SKIP","floor":23.0},{"not_picked":["Predator+1","Backflip"],"picked":"Blur","floor":25.0},{"not_picked":["Quick Slash","Slice"],"picked":"Outmaneuver","floor":27.0},{"not_picked":["Concentrate","Poisoned Stab+1"],"picked":"Underhanded Strike","floor":28.0},{"not_picked":["Blur","Outmaneuver","Distraction+1"],"picked":"SKIP","floor":29.0},{"not_picked":["Heel Hook","Bane"],"picked":"Infinite Blades","floor":30.0}],"player_experience":884393,"relics_obtained":[{"floor":9.0,"key":"Matryoshka"},{"floor":11.0,"key":"Lantern"},{"floor":23.0,"key":"MawBank"},{"floor":26.0,"key":"Bag of Preparation"},{"floor":26.0,"key":"Strawberry"},{"floor":27.0,"key":"Gremlin Horn"}],"event_choices":[{"damage_healed":22.0,"max_hp_gain":0.0,"max_hp_loss":0.0,"gold_gain":0.0,"event_name":"Big Fish","player_choice":"Banana","floor":2.0,"gold_loss":0.0,"damage_taken":0.0},{"damage_healed":9.0,"max_hp_gain":0.0,"max_hp_loss":0.0,"gold_gain":0.0,"event_name":"Wheel of Change","player_choice":"Full Heal","floor":7.0,"gold_loss":0.0,"damage_taken":0.0},{"damage_healed":0.0,"max_hp_gain":0.0,"max_hp_loss":0.0,"gold_gain":0.0,"event_name":"Duplicator","player_choice":"Copied","floor":21.0,"gold_loss":0.0,"damage_taken":0.0,"cards_obtained":["Malaise"]}],"is_beta":false,"boss_relics":[{"not_picked":["Ring of the Serpent","Black Star"],"picked":"Philosopher\u0027s Stone"}],"items_purged_floors":[31],"is_endless":false,"potions_floor_spawned":[3,5,10,12,16,19,20,22,25,28,29],"killed_by":"Champ","ascension_level":19}