{"gold_per_floor":[112,128,141,156,39,39,64,35,35,35,35,48,60,88,88,162,162,179,196,246,246,263,295,295,295],"floor_reached":25,"playtime":1513,"items_purged":["Strike_G"],"score":458,"play_id":"3d93d58d-f543-4564-8105-1251b44173b3","local_time":"20230925225435","is_ascension_mode":true,"campfire_choices":[{"data":"Bouncing Flask","floor":6.0,"key":"SMITH"},{"data":"Noxious Fumes","floor":11.0,"key":"SMITH"},{"data":"Leg Sweep","floor":15.0,"key":"SMITH"},{"floor":24.0,"key":"REST"}],"neow_cost":"NONE","seed_source_timestamp":1582789312489500,"circlet_count":0,"master_deck":["AscendersBane","Strike_G","Strike_G","Strike_G","Strike_G","Defend_G","Defend_G","Defend_G","Defend_G","Survivor","Neutralize","Poisoned Stab","Blade Dance","Bouncing Flask+1","Leg Sweep+1","Noxious Fumes+1","Prepared","Deadly Poison","Dagger Throw","Bane","Deflect","Leg Sweep"],"special_seed":0,"relics":["Ring of the Snake","Mummified Hand","Pear","Eternal Feather","Velvet Choker","Lantern"],"potions_floor_usage":[25],"damage_taken":[{"damage":3.0,"enemies":"Cultist","floor":1.0,"turns":4.0},{"damage":4.0,"enemies":"Small Slimes","floor":2.0,"turns":4.0},{"damage":0.0,"enemies":"2 Louse","floor":3.0,"turns":3.0},{"damage":9.0,"enemies":"Looter","floor":4.0,"turns":3.0},{"damage":2.0,"enemies":"3 Sentries","floor":7.0,"turns":7.0},{"damage":13.0,"enemies":"Exordium Wildlife","floor":12.0,"turns":6.0},{"damage":3.0,"enemies":"Blue Slaver","floor":13.0,"turns":2.0},{"damage":2.0,"enemies":"Lagavulin","floor":14.0,"turns":7.0},{"damage":22.0,"enemies":"Hexaghost","floor":16.0,"turns":8.0},{"damage":0.0,"enemies":"Chosen","floor":18.0,"turns":4.0},{"damage":0.0,"enemies":"3 Byrds","floor":19.0,"turns":4.0},{"damage":0.0,"enemies":"Centurion and Healer","floor":21.0,"turns":1.0},{"damage":20.0,"enemies":"Snake Plant","floor":22.0,"turns":4.0},{"damage":33.0,"enemies":"Book of Stabbing","floor":23.0,"turns":5.0},{"damage":49,"enemies":"Slavers","floor":25,"turns":5}],"seed_played":"-8711605832635706414","potions_obtained":[{"floor":1.0,"key":"DistilledChaos"},{"floor":7.0,"key":"Explosive Potion"},{"floor":12.0,"key":"DuplicationPotion"},{"floor":19.0,"key":"SmokeBomb"},{"floor":22.0,"key":"Swift Potion"},{"floor":23.0,"key":"Weak Potion"}],"is_trial":false,"path_per_floor":["M","M","M","M","$","R","E","$","T","?","R","M","M","E","R","B",null,"M","M","?","M","M","E","R","E"],"character_chosen":"THE_SILENT","items_purchased":["Noxious Fumes","Deadly Poison"],"campfire_rested":1,"item_purchase_floors":[5,8],"current_hp_per_floor":[56,52,52,43,43,43,41,41,51,51,51,38,35,33,45,23,63,63,63,63,63,43,10,44,0],"gold":295,"neow_bonus":"REMOVE_CARD","is_prod":false,"is_daily":false,"chose_seed":false,"campfire_upgraded":3,"win_rate":0,"timestamp":1695707675,"path_taken":["M","?","M","M","$","R","E","?","T","?","R","M","M","E","R","BOSS","M","?","?","M","M","E","R","E"],"build_version":"2022-12-18","purchased_purges":1,"victory":false,"max_hp_per_floor":[66,66,66,66,66,66,66,66,76,76,76,76,76,76,76,76,76,76,76,76,76,76,76,76,76],"card_choices":[{"not_picked":["Caltrops","Choke"],"picked":"Poisoned Stab","floor":1.0},{"not_picked":["Noxious Fumes","Sucker Punch"],"picked":"Blade Dance","floor":2.0},{"not_picked":["Acrobatics","Blade Dance"],"picked":"Bouncing Flask","floor":3.0},{"not_picked":["PiercingWail","Prepared"],"picked":"Leg Sweep","floor":4.0},{"not_picked":["Crippling Poison","Slice"],"picked":"Prepared","floor":7.0},{"not_picked":["Endless Agony","Deadly Poison","Bouncing Flask"],"picked":"SKIP","floor":12.0},{"not_picked":["Riddle With Holes","Setup"],"picked":"Bane","floor":13.0},{"not_picked":["Accuracy","Terror"],"picked":"Deflect","floor":14.0},{"not_picked":["Accuracy","Cloak And Dagger"],"picked":"Leg Sweep","floor":18.0},{"not_picked":["Outmaneuver","Acrobatics","Dodge and Roll"],"picked":"SKIP","floor":19.0},{"not_picked":["Masterful Stab","Deadly Poison","Backstab"],"picked":"SKIP","floor":22.0},{"not_picked":["Dagger Throw","Riddle With Holes","Eviscerate"],"picked":"SKIP","floor":23.0}],"player_experience":903894,"relics_obtained":[{"floor":7.0,"key":"Mummified Hand"},{"floor":9.0,"key":"Pear"},{"floor":14.0,"key":"Eternal Feather"},{"floor":23.0,"key":"Lantern"}],"event_choices":[{"damage_healed":0.0,"max_hp_gain":0.0,"max_hp_loss":0.0,"gold_gain":0.0,"event_name":"Match and Keep!","player_choice":"1 cards matched","floor":10.0,"gold_loss":0.0,"damage_taken":0.0,"cards_obtained":["Dagger Throw"]},{"damage_healed":0.0,"max_hp_gain":0.0,"max_hp_loss":0.0,"gold_gain":50.0,"event_name":"Nest","player_choice":"Stole From Cult","floor":20.0,"gold_loss":0.0,"damage_taken":0.0}],"is_beta":false,"boss_relics":[{"not_picked":["Calling Bell","Ring of the Serpent"],"picked":"Velvet Choker"}],"items_purged_floors":[5],"is_endless":false,"potions_floor_spawned":[1,7,12,19,22,23],"killed_by":"Slavers","ascension_level":19}