{"gold_per_floor":[109,123,198,198,65,96,96,111,111,129,154,126,156,156,156,156],"floor_reached":16,"playtime":607,"items_purged":[],"score":263,"play_id":"a90cca61-1553-48a1-b2fe-8bcbb9588b6c","local_time":"20230924183304","is_ascension_mode":true,"campfire_choices":[{"data":"Footwork","floor":7.0,"key":"SMITH"},{"data":"Blade Dance","floor":15,"key":"SMITH"}],"neow_cost":"NONE","seed_source_timestamp":1481672523663800,"circlet_count":0,"master_deck":["AscendersBane","Strike_G","Strike_G","Strike_G+1","Strike_G+1","Defend_G","Defend_G","Defend_G","Defend_G","Defend_G","Survivor","Neutralize","Backflip","Poisoned Stab","Footwork+1","Blade Dance+1","PiercingWail","Acrobatics","Blade Dance","Bane","Footwork"],"special_seed":0,"relics":["Ring of the Snake","NeowsBlessing","White Beast Statue","Question Card","Gremlin Horn"],"potions_floor_usage":[11,16,16],"damage_taken":[{"damage":0.0,"enemies":"2 Louse","floor":1.0,"turns":1.0},{"damage":0.0,"enemies":"Small Slimes","floor":2.0,"turns":1.0},{"damage":0.0,"enemies":"Gremlin Nob","floor":6.0,"turns":1.0},{"damage":5.0,"enemies":"Cultist","floor":8.0,"turns":4.0},{"damage":2.0,"enemies":"Red Slaver","floor":10.0,"turns":4.0},{"damage":3,"enemies":"Lagavulin","floor":11,"turns":10},{"damage":3,"enemies":"Exordium Thugs","floor":12,"turns":4},{"damage":21,"enemies":"Hexaghost","floor":16,"turns":11}],"seed_played":"-5482412051714190021","potions_obtained":[{"floor":1.0,"key":"Energy Potion"},{"floor":8.0,"key":"Strength Potion"},{"floor":11,"key":"Fruit Juice"}],"is_trial":false,"path_per_floor":["M","M","?","?","$","E","R","M","T","M","E","M","?","?","R","B"],"character_chosen":"THE_SILENT","items_purchased":["Footwork","Blade Dance"],"campfire_rested":0,"item_purchase_floors":[5,5],"current_hp_per_floor":[59,59,48,28,28,28,28,23,23,21,18,15,15,15,15,0],"gold":156,"neow_bonus":"THREE_ENEMY_KILL","is_prod":false,"is_daily":false,"chose_seed":false,"campfire_upgraded":2,"win_rate":0,"timestamp":1695605584,"path_taken":["M","M","?","?","$","E","R","M","T","M","E","M","?","?","R","BOSS"],"build_version":"2022-12-18","purchased_purges":0,"victory":false,"max_hp_per_floor":[66,66,66,66,66,66,66,66,66,66,66,66,66,66,66,71],"card_choices":[{"not_picked":["Expertise","Dagger Spray"],"picked":"Backflip","floor":1.0},{"not_picked":["Heel Hook","Bane"],"picked":"Poisoned Stab","floor":2.0},{"not_picked":["Bullet Time","Concentrate"],"picked":"PiercingWail","floor":6.0},{"not_picked":["Dodge and Roll","Finisher"],"picked":"Acrobatics","floor":8.0},{"not_picked":["PiercingWail","Skewer","Deadly Poison"],"picked":"Blade Dance","floor":10.0},{"not_picked":["Underhanded Strike","Riddle With Holes","Caltrops"],"picked":"Bane","floor":11},{"not_picked":["Acrobatics","Slice","Riddle With Holes"],"picked":"Footwork","floor":12}],"player_experience":901821,"relics_obtained":[{"floor":6.0,"key":"White Beast Statue"},{"floor":9.0,"key":"Question Card"},{"floor":11,"key":"Gremlin Horn"}],"event_choices":[{"damage_healed":0.0,"max_hp_gain":0.0,"max_hp_loss":0.0,"gold_gain":75.0,"event_name":"World of Goop","player_choice":"Gather Gold","floor":3.0,"gold_loss":0.0,"damage_taken":11.0},{"damage_healed":0.0,"max_hp_gain":0.0,"max_hp_loss":0.0,"gold_gain":0.0,"event_name":"Shining Light","player_choice":"Entered Light","floor":4.0,"gold_loss":0.0,"damage_taken":20.0,"cards_upgraded":["Strike_G","Strike_G"]},{"damage_healed":0,"gold_gain":30,"player_choice":"Searched \u00272\u0027 times","damage_taken":0,"max_hp_gain":0,"max_hp_loss":0,"event_name":"Dead Adventurer","floor":13,"gold_loss":0},{"cards_removed":["Strike_G"],"damage_healed":0,"gold_gain":0,"player_choice":"Offered Basic","damage_taken":0,"max_hp_gain":0,"max_hp_loss":0,"event_name":"Bonfire Elementals","floor":14,"gold_loss":0}],"is_beta":false,"boss_relics":[],"items_purged_floors":[],"is_endless":false,"potions_floor_spawned":[1,8,10,11,12],"killed_by":"Hexaghost","ascension_level":19}