{"gold_per_floor":[114,127,177,13,23,23,41,69,96,125,125,145,177,194,194,268,268,288,308,308,318,318],"floor_reached":22,"playtime":1759,"items_purged":[],"score":431,"play_id":"bc66b9ee-6c95-4335-a63b-fdfee0f3658c","local_time":"20230929193011","is_ascension_mode":true,"campfire_choices":[{"data":"Neutralize","floor":6.0,"key":"SMITH"},{"floor":11.0,"key":"REST"},{"data":"Predator","floor":15.0,"key":"SMITH"}],"neow_cost":"TEN_PERCENT_HP_LOSS","seed_source_timestamp":1915738112253000,"circlet_count":0,"master_deck":["AscendersBane","Defend_G","Defend_G","Defend_G","Defend_G","Survivor","Neutralize+1","Backflip","Quick Slash","Caltrops","Dagger Throw","Predator+1","Blade Dance","Dash","Underhanded Strike","Envenom","Concentrate","Bite","Bite","Bite","Bite","Bite","Backflip"],"special_seed":0,"relics":["Ring of the Snake","TungstenRod","Membership Card","Regal Pillow","Akabeko","Snake Skull","Oddly Smooth Stone","Empty Cage"],"potions_floor_usage":[22,22],"damage_taken":[{"damage":7.0,"enemies":"Jaw Worm","floor":1.0,"turns":6.0},{"damage":0.0,"enemies":"Cultist","floor":2.0,"turns":5.0},{"damage":3.0,"enemies":"Small Slimes","floor":5.0,"turns":4.0},{"damage":5.0,"enemies":"2 Fungi Beasts","floor":7.0,"turns":4.0},{"damage":23.0,"enemies":"3 Sentries","floor":8.0,"turns":11.0},{"damage":10.0,"enemies":"Lagavulin","floor":10.0,"turns":10.0},{"damage":0.0,"enemies":"Exordium Wildlife","floor":12.0,"turns":4.0},{"damage":18.0,"enemies":"3 Sentries","floor":13.0,"turns":8.0},{"damage":0.0,"enemies":"Large Slime","floor":14.0,"turns":4.0},{"damage":15.0,"enemies":"Hexaghost","floor":16.0,"turns":11.0},{"damage":12.0,"enemies":"Shell Parasite","floor":18.0,"turns":5.0},{"damage":9.0,"enemies":"3 Byrds","floor":19.0,"turns":4.0},{"damage":21,"enemies":"Centurion and Healer","floor":21,"turns":7},{"damage":60,"enemies":"Cultist and Chosen","floor":22,"turns":9}],"seed_played":"-681632440707785905","potions_obtained":[{"floor":1.0,"key":"FearPotion"},{"floor":2.0,"key":"Dexterity Potion"},{"floor":10.0,"key":"DistilledChaos"},{"floor":13.0,"key":"Dexterity Potion"},{"floor":16.0,"key":"Explosive Potion"},{"floor":19.0,"key":"FearPotion"}],"is_trial":false,"path_per_floor":["M","M","?","$","M","R","M","E","T","E","R","M","E","M","R","B",null,"M","M","?","M","M"],"character_chosen":"THE_SILENT","items_purchased":["Membership Card"],"campfire_rested":1,"item_purchase_floors":[4],"current_hp_per_floor":[52,52,47,47,44,44,39,16,16,6,39,39,21,21,21,6,47,35,26,26,21,0],"gold":318,"neow_bonus":"ONE_RARE_RELIC","is_prod":false,"is_daily":false,"chose_seed":false,"campfire_upgraded":2,"win_rate":0,"timestamp":1696041011,"path_taken":["M","M","?","$","M","R","M","E","T","E","R","M","E","M","R","BOSS","M","?","?","M","M"],"build_version":"2022-12-18","purchased_purges":0,"victory":false,"max_hp_per_floor":[60,60,60,60,60,60,60,60,60,60,60,60,60,60,60,60,60,60,60,42,42,42],"card_choices":[{"not_picked":["Finisher","Poisoned Stab"],"picked":"Backflip","floor":1.0},{"not_picked":["Poisoned Stab","Dash"],"picked":"Quick Slash","floor":2.0},{"not_picked":["Finisher","Bane"],"picked":"Caltrops","floor":5.0},{"not_picked":["Dodge and Roll","Outmaneuver"],"picked":"Dagger Throw","floor":7.0},{"not_picked":["Deadly Poison","Dagger Throw"],"picked":"Predator","floor":8.0},{"not_picked":["Endless Agony","Accuracy","Setup"],"picked":"SKIP","floor":10.0},{"not_picked":["Prepared","Grand Finale"],"picked":"Blade Dance","floor":12.0},{"not_picked":["Flying Knee","PiercingWail"],"picked":"Dash","floor":13.0},{"not_picked":["Dodge and Roll","Riddle With Holes"],"picked":"Underhanded Strike","floor":14.0},{"not_picked":["Phantasmal Killer","Malaise"],"picked":"Envenom","floor":16.0},{"not_picked":["Slice","Sucker Punch"],"picked":"Concentrate","floor":18.0},{"not_picked":["Slice","Sucker Punch","Underhanded Strike"],"picked":"SKIP","floor":19.0},{"not_picked":["PiercingWail","Slice"],"picked":"Backflip","floor":21}],"player_experience":910961,"relics_obtained":[{"floor":8.0,"key":"Regal Pillow"},{"floor":9.0,"key":"Akabeko"},{"floor":10.0,"key":"Snake Skull"},{"floor":13.0,"key":"Oddly Smooth Stone"}],"event_choices":[{"damage_healed":0.0,"max_hp_gain":0.0,"max_hp_loss":0.0,"gold_gain":50.0,"event_name":"FaceTrader","player_choice":"Touch","floor":3.0,"gold_loss":0.0,"damage_taken":6.0},{"damage_healed":0.0,"max_hp_gain":0.0,"max_hp_loss":18.0,"gold_gain":0.0,"event_name":"Vampires","player_choice":"Became a vampire","floor":20.0,"gold_loss":0.0,"damage_taken":0.0,"cards_obtained":["Bite","Bite","Bite","Bite","Bite"]}],"is_beta":false,"boss_relics":[{"not_picked":["Philosopher\u0027s Stone","Tiny House"],"picked":"Empty Cage"}],"items_purged_floors":[],"is_endless":false,"potions_floor_spawned":[1,2,10,13,14,16,19],"killed_by":"Cultist and Chosen","ascension_level":19}