{"gold_per_floor":[13,24,39,39,57,57,72,147,171,171,191,191,211,244,244,339,339,353,374,374,394,30,30,46,46,70,114,114,132,2,18,18,18],"floor_reached":33,"playtime":1853,"items_purged":["Strike_G"],"score":577,"play_id":"24db42ec-d7d7-41fe-b0e9-8983537be34e","local_time":"20231105194814","is_ascension_mode":true,"campfire_choices":[{"data":"Dagger Spray","floor":6.0,"key":"SMITH"},{"floor":15.0,"key":"REST"},{"floor":23.0,"key":"REST"},{"floor":25.0,"key":"REST"},{"floor":32,"key":"REST"}],"neow_cost":"NO_GOLD","seed_source_timestamp":0,"circlet_count":0,"master_deck":["AscendersBane","Strike_G","Strike_G","Strike_G","Defend_G","Defend_G","Defend_G+1","Survivor","Neutralize","Dagger Spray+1","Leg Sweep","Footwork","Dagger Throw","All Out Attack","PiercingWail","Phantasmal Killer","Adrenaline","Terror","Acrobatics","Blur","Acrobatics","Adrenaline+1","Skewer","Deflect+1","Blur","Underhanded Strike","Noxious Fumes","Outmaneuver","Acrobatics"],"special_seed":0,"relics":["Ring of the Snake","Smiling Mask","Golden Idol","StrikeDummy","Juzu Bracelet","HoveringKite","DollysMirror","Snake Skull","War Paint"],"potions_floor_usage":[33,33],"damage_taken":[{"damage":18.0,"enemies":"Jaw Worm","floor":1.0,"turns":8.0},{"damage":0.0,"enemies":"Cultist","floor":2.0,"turns":4.0},{"damage":2.0,"enemies":"Small Slimes","floor":3.0,"turns":5.0},{"damage":6.0,"enemies":"Exordium Wildlife","floor":5.0,"turns":9.0},{"damage":0.0,"enemies":"2 Fungi Beasts","floor":7.0,"turns":3.0},{"damage":0.0,"enemies":"Large Slime","floor":11.0,"turns":5.0},{"damage":0.0,"enemies":"Exordium Wildlife","floor":13.0,"turns":3.0},{"damage":0.0,"enemies":"Gremlin Nob","floor":14.0,"turns":3.0},{"damage":12.0,"enemies":"Slime Boss","floor":16.0,"turns":8.0},{"damage":9.0,"enemies":"Shell Parasite","floor":18.0,"turns":8.0},{"damage":13.0,"enemies":"2 Thieves","floor":19.0,"turns":4.0},{"damage":27.0,"enemies":"Cultist and Chosen","floor":21.0,"turns":6.0},{"damage":17.0,"enemies":"Sentry and Sphere","floor":24.0,"turns":4.0},{"damage":13.0,"enemies":"Book of Stabbing","floor":27.0,"turns":6.0},{"damage":4.0,"enemies":"Centurion and Healer","floor":29.0,"turns":7.0},{"damage":0,"enemies":"3 Cultists","floor":31,"turns":4},{"damage":35,"enemies":"Automaton","floor":33,"turns":6}],"seed_played":"2732352206772736388","potions_obtained":[{"floor":3.0,"key":"CunningPotion"},{"floor":7.0,"key":"CunningPotion"},{"floor":11.0,"key":"EntropicBrew"},{"floor":13.0,"key":"PowerPotion"},{"floor":19.0,"key":"Weak Potion"},{"floor":21.0,"key":"LiquidBronze"},{"floor":24.0,"key":"Strength Potion"},{"floor":29.0,"key":"ColorlessPotion"}],"is_trial":false,"path_per_floor":["M","M","M","?","M","R","M","?","T","?","M","T","M","E","R","B",null,"M","M","?","M","$","R","M","R","T","E","?","M","$","M","R","B"],"character_chosen":"THE_SILENT","items_purchased":["Acrobatics","DollysMirror","Skewer","Strength Potion","Noxious Fumes","Outmaneuver"],"campfire_rested":4,"item_purchase_floors":[22,22,22,22,30,30],"current_hp_per_floor":[41,41,39,39,33,33,33,22,22,22,22,22,22,22,40,28,52,43,30,30,3,3,21,4,22,22,9,9,5,5,5,23,0],"gold":18,"neow_bonus":"REMOVE_TWO","is_prod":false,"is_daily":false,"chose_seed":false,"campfire_upgraded":1,"win_rate":0,"timestamp":1699242494,"path_taken":["M","M","M","?","M","R","?","?","T","?","M","?","M","E","R","BOSS","M","M","?","M","$","R","M","R","T","E","?","M","?","M","R","BOSS"],"build_version":"2022-12-18","purchased_purges":1,"victory":false,"max_hp_per_floor":[66,66,66,66,66,66,66,66,66,60,60,60,60,60,60,60,60,60,60,60,60,60,60,60,60,60,60,60,60,60,60,60,60],"card_choices":[{"not_picked":["Sucker Punch","Riddle With Holes"],"picked":"Dagger Spray","floor":1.0},{"not_picked":["Prepared","Footwork"],"picked":"Leg Sweep","floor":2.0},{"not_picked":["Cloak And Dagger","Expertise"],"picked":"Footwork","floor":3.0},{"not_picked":["Sucker Punch","PiercingWail"],"picked":"Dagger Throw","floor":5.0},{"not_picked":["Accuracy","Slice"],"picked":"All Out Attack","floor":7.0},{"not_picked":["Dagger Spray","Acrobatics"],"picked":"PiercingWail","floor":11.0},{"not_picked":["Deflect","Underhanded Strike","Skewer"],"picked":"SKIP","floor":13.0},{"not_picked":["Dagger Throw","Doppelganger"],"picked":"Phantasmal Killer","floor":14.0},{"not_picked":["Phantasmal Killer","Burst"],"picked":"Adrenaline","floor":16.0},{"not_picked":["Choke","Deflect"],"picked":"Terror","floor":18.0},{"not_picked":["Flying Knee","Concentrate"],"picked":"Acrobatics","floor":19.0},{"not_picked":["Deflect","Prepared"],"picked":"Blur","floor":21.0},{"not_picked":["Deadly Poison","Reflex"],"picked":"Deflect+1","floor":24.0},{"not_picked":["Poisoned Stab","Slice"],"picked":"Blur","floor":27.0},{"not_picked":["Slice","Quick Slash"],"picked":"Underhanded Strike","floor":29.0},{"not_picked":["Dagger Spray","Distraction+1"],"picked":"Acrobatics","floor":31}],"player_experience":938428,"relics_obtained":[{"floor":9.0,"key":"Smiling Mask"},{"floor":12.0,"key":"StrikeDummy"},{"floor":14.0,"key":"Juzu Bracelet"},{"floor":26.0,"key":"Snake Skull"},{"floor":27.0,"key":"War Paint"}],"event_choices":[{"cards_removed":["Defend_G"],"damage_healed":0.0,"max_hp_gain":0.0,"max_hp_loss":0.0,"gold_gain":0.0,"event_name":"Wheel of Change","player_choice":"Card Removal","floor":4.0,"gold_loss":0.0,"damage_taken":0.0},{"damage_healed":0.0,"max_hp_gain":0.0,"max_hp_loss":0.0,"gold_gain":75.0,"event_name":"World of Goop","player_choice":"Gather Gold","floor":8.0,"gold_loss":0.0,"damage_taken":11.0},{"damage_healed":0.0,"max_hp_gain":0.0,"max_hp_loss":6.0,"gold_gain":0.0,"event_name":"Golden Idol","player_choice":"Lose Max HP","floor":10.0,"gold_loss":0.0,"damage_taken":0.0,"relics_obtained":["Golden Idol"]},{"damage_healed":0.0,"max_hp_gain":0.0,"max_hp_loss":0.0,"gold_gain":0.0,"event_name":"Cursed Tome","player_choice":"Ignored","floor":20.0,"gold_loss":0.0,"damage_taken":0.0},{"damage_healed":0.0,"max_hp_gain":0.0,"max_hp_loss":0.0,"gold_gain":0.0,"event_name":"Ghosts","player_choice":"Ignored","floor":28.0,"gold_loss":0.0,"damage_taken":0.0}],"is_beta":false,"boss_relics":[{"not_picked":["Ring of the Serpent","Empty Cage"],"picked":"HoveringKite"}],"items_purged_floors":[22],"is_endless":false,"potions_floor_spawned":[3,7,11,13,19,21,24,29],"killed_by":"Automaton","ascension_level":19}