{"gold_per_floor":[119,135,154,168,93,93,112,123,150,175,175,192,192,210,210,289,289,308,308,326,339,66,92,102,102,102,102,130,145,145,159,159,236,236,247,292,308,308,327,327,339,339,339,353,353,353,380,380,380,380,380],"floor_reached":51,"playtime":4436,"items_purged":["Strike_G"],"score":1396,"play_id":"7bfd1e00-393e-4df6-ae74-6c304c58b6d3","local_time":"20231224130150","is_ascension_mode":true,"campfire_choices":[{"data":"Flechettes","floor":6.0,"key":"SMITH"},{"data":"Tools of the Trade","floor":11.0,"key":"SMITH"},{"floor":15.0,"key":"REST"},{"floor":25.0,"key":"REST"},{"data":"Footwork","floor":27.0,"key":"SMITH"},{"data":"J.A.X.","floor":32.0,"key":"SMITH"},{"floor":40.0,"key":"REST"},{"floor":49.0,"key":"REST"}],"neow_cost":"TEN_PERCENT_HP_LOSS","seed_source_timestamp":0,"circlet_count":0,"master_deck":["AscendersBane","Strike_G","Strike_G","Strike_G","Defend_G","Defend_G","Defend_G","Defend_G","Survivor","Neutralize","Die Die Die","Flechettes+1","Deadly Poison","Reflex","Escape Plan","Adrenaline","Escape Plan","Tools of the Trade+1","Backflip","Grand Finale","Escape Plan","Footwork+1","Dagger Throw","Doubt","J.A.X.+1","After Image","PiercingWail+1","Acrobatics","Underhanded Strike","Decay","Madness"],"special_seed":0,"relics":["Ring of the Snake","Akabeko","StrikeDummy","Cursed Key","TheAbacus","Juzu Bracelet","Tough Bandages","Bag of Marbles","Runic Pyramid","Incense Burner","Kunai","Bottled Tornado","Lantern"],"potions_floor_usage":[],"damage_taken":[{"damage":0.0,"enemies":"Cultist","floor":1.0,"turns":3.0},{"damage":0.0,"enemies":"2 Louse","floor":2.0,"turns":2.0},{"damage":0.0,"enemies":"Small Slimes","floor":3.0,"turns":2.0},{"damage":3.0,"enemies":"Blue Slaver","floor":4.0,"turns":4.0},{"damage":7.0,"enemies":"Exordium Wildlife","floor":7.0,"turns":3.0},{"damage":0.0,"enemies":"Lots of Slimes","floor":8.0,"turns":3.0},{"damage":14.0,"enemies":"Lagavulin","floor":10.0,"turns":6.0},{"damage":0.0,"enemies":"Looter","floor":12.0,"turns":2.0},{"damage":1.0,"enemies":"3 Louse","floor":14.0,"turns":2.0},{"damage":9.0,"enemies":"Slime Boss","floor":16.0,"turns":6.0},{"damage":4.0,"enemies":"Spheric Guardian","floor":18.0,"turns":4.0},{"damage":7.0,"enemies":"3 Byrds","floor":20.0,"turns":4.0},{"damage":4.0,"enemies":"3 Cultists","floor":21.0,"turns":4.0},{"damage":4.0,"enemies":"Slavers","floor":23.0,"turns":6.0},{"damage":0.0,"enemies":"Centurion and Healer","floor":24.0,"turns":6.0},{"damage":0.0,"enemies":"Gremlin Leader","floor":28.0,"turns":7.0},{"damage":1.0,"enemies":"Snecko","floor":29.0,"turns":4.0},{"damage":3.0,"enemies":"Snake Plant","floor":31.0,"turns":3.0},{"damage":23.0,"enemies":"Collector","floor":33.0,"turns":11.0},{"damage":3.0,"enemies":"3 Darklings","floor":35.0,"turns":3.0},{"damage":12.0,"enemies":"2 Orb Walkers","floor":36.0,"turns":6.0},{"damage":0.0,"enemies":"3 Shapes","floor":37.0,"turns":5.0},{"damage":20.0,"enemies":"Spire Growth","floor":39.0,"turns":4.0},{"damage":6.0,"enemies":"Sphere and 2 Shapes","floor":41.0,"turns":4.0},{"damage":20.0,"enemies":"4 Shapes","floor":44.0,"turns":4.0},{"damage":5.0,"enemies":"Reptomancer","floor":47.0,"turns":6.0},{"damage":20.0,"enemies":"Time Eater","floor":50.0,"turns":11.0},{"damage":22,"enemies":"Awakened One","floor":51,"turns":1}],"seed_played":"1054666120001221350","potions_obtained":[{"floor":2.0,"key":"SteroidPotion"},{"floor":4.0,"key":"Strength Potion"},{"floor":10.0,"key":"EntropicBrew"},{"floor":16.0,"key":"SkillPotion"},{"floor":18.0,"key":"Fire Potion"},{"floor":20.0,"key":"SkillPotion"},{"floor":21.0,"key":"Strength Potion"},{"floor":23.0,"key":"Strength Potion"},{"floor":29.0,"key":"LiquidBronze"},{"floor":33.0,"key":"GhostInAJar"},{"floor":36.0,"key":"Swift Potion"},{"floor":39.0,"key":"Explosive Potion"},{"floor":47.0,"key":"DistilledChaos"}],"is_trial":false,"path_per_floor":["M","M","M","M","$","R","M","M","T","E","R","M","?","M","R","B",null,"M","?","M","M","$","E","M","R","T","R","E","M","?","M","R","B",null,"M","?","M","?","M","R","M","?","T","M","?","?","E","?","R","B","B"],"character_chosen":"THE_SILENT","items_purchased":["Footwork","TheAbacus","Dagger Throw"],"campfire_rested":4,"item_purchase_floors":[22,22,22],"current_hp_per_floor":[59,59,59,56,56,56,49,49,49,35,35,35,35,34,52,43,56,52,52,45,41,41,37,37,55,55,55,55,54,54,51,51,28,52,49,37,37,37,17,35,29,49,49,29,29,29,24,24,38,18,0],"gold":380,"neow_bonus":"TRANSFORM_TWO_CARDS","is_prod":false,"is_daily":false,"chose_seed":false,"campfire_upgraded":4,"win_rate":0,"timestamp":1703451710,"path_taken":["M","M","M","M","$","R","M","M","T","E","R","M","?","?","R","BOSS","M","?","M","M","$","E","M","R","T","R","E","M","?","M","R","BOSS","M","?","M","?","M","R","M","?","T","M","?","?","E","?","R","BOSS","BOSS"],"build_version":"2022-12-18","purchased_purges":1,"victory":false,"max_hp_per_floor":[60,60,60,60,60,60,60,60,60,60,60,60,60,60,60,60,60,60,60,60,60,60,60,60,60,60,60,60,60,60,60,60,60,60,60,60,60,60,60,60,60,49,49,49,49,49,49,49,49,49,49],"card_choices":[{"not_picked":["Flying Knee","Flechettes","Slice"],"picked":"SKIP","floor":1.0},{"not_picked":["PiercingWail","Bane"],"picked":"Deadly Poison","floor":2.0},{"not_picked":["Bane","Sucker Punch"],"picked":"Reflex","floor":3.0},{"not_picked":["Flying Knee","Flechettes"],"picked":"Escape Plan","floor":4.0},{"not_picked":["Backstab","Cloak And Dagger"],"picked":"Adrenaline","floor":7.0},{"not_picked":["Dash","Calculated Gamble"],"picked":"Escape Plan","floor":8.0},{"not_picked":["Heel Hook","Dagger Throw"],"picked":"Tools of the Trade","floor":10.0},{"not_picked":["Deflect","Cloak And Dagger","Masterful Stab"],"picked":"SKIP","floor":12.0},{"not_picked":["Quick Slash","Cloak And Dagger"],"picked":"Backflip","floor":14.0},{"not_picked":["Corpse Explosion","Storm of Steel"],"picked":"Grand Finale","floor":16.0},{"not_picked":["Slice","Dodge and Roll","Flying Knee"],"picked":"SKIP","floor":18.0},{"not_picked":["Bane","Heel Hook"],"picked":"Escape Plan","floor":20.0},{"not_picked":["Outmaneuver","Poisoned Stab","Heel Hook"],"picked":"SKIP","floor":21.0},{"not_picked":["Dagger Throw","Dagger Spray","Setup"],"picked":"SKIP","floor":23.0},{"not_picked":["Cloak And Dagger","Flying Knee+1","Quick Slash"],"picked":"SKIP","floor":24.0},{"not_picked":["Sucker Punch+1","Outmaneuver","Poisoned Stab"],"picked":"SKIP","floor":28.0},{"not_picked":["Deadly Poison","Poisoned Stab","Setup"],"picked":"SKIP","floor":29.0},{"not_picked":["Underhanded Strike","Quick Slash"],"picked":"Well Laid Plans","floor":31.0},{"not_picked":["Wraith Form v2","Doppelganger"],"picked":"After Image","floor":33.0},{"not_picked":["Outmaneuver","Flying Knee"],"picked":"PiercingWail+1","floor":35.0},{"not_picked":["Caltrops","Well Laid Plans"],"picked":"Acrobatics","floor":36.0},{"not_picked":["Riddle With Holes","PiercingWail","Infinite Blades+1"],"picked":"SKIP","floor":37.0},{"not_picked":["Dodge and Roll","Dagger Spray"],"picked":"Underhanded Strike","floor":39.0},{"not_picked":["Riddle With Holes","Dagger Throw","Deadly Poison"],"picked":"SKIP","floor":41.0},{"not_picked":["Dash+1","Dagger Spray+1","Dagger Throw"],"picked":"SKIP","floor":44.0},{"not_picked":["Bandage Up","Dark Shackles"],"picked":"Madness","floor":45.0},{"not_picked":["Crippling Poison","Setup","Acrobatics"],"picked":"SKIP","floor":47.0}],"player_experience":978353,"relics_obtained":[{"floor":9.0,"key":"Akabeko"},{"floor":10.0,"key":"StrikeDummy"},{"floor":23.0,"key":"Juzu Bracelet"},{"floor":26.0,"key":"Tough Bandages"},{"floor":28.0,"key":"Bag of Marbles"},{"floor":36.0,"key":"Incense Burner"},{"floor":43.0,"key":"Bottled Tornado"},{"floor":47.0,"key":"Lantern"}],"event_choices":[{"damage_healed":0.0,"max_hp_gain":0.0,"max_hp_loss":0.0,"gold_gain":0.0,"event_name":"Match and Keep!","player_choice":"0 cards matched","floor":13.0,"gold_loss":0.0,"damage_taken":0.0,"cards_obtained":[]},{"damage_healed":0.0,"max_hp_gain":0.0,"max_hp_loss":0.0,"gold_gain":0.0,"event_name":"Vampires","player_choice":"Ignored","floor":19.0,"gold_loss":0.0,"damage_taken":0.0},{"damage_healed":0.0,"max_hp_gain":0.0,"max_hp_loss":0.0,"gold_gain":0.0,"event_name":"Drug Dealer","player_choice":"Obtain J.A.X.","floor":30.0,"gold_loss":0.0,"damage_taken":0.0,"cards_obtained":["J.A.X."]},{"damage_healed":0.0,"max_hp_gain":0.0,"max_hp_loss":0.0,"gold_gain":0.0,"event_name":"Mysterious Sphere","player_choice":"Fight","floor":36.0,"gold_loss":0.0,"damage_taken":0.0},{"damage_healed":0.0,"max_hp_gain":0.0,"max_hp_loss":0.0,"gold_gain":0.0,"event_name":"WeMeetAgain","player_choice":"Gave Potion","floor":38.0,"gold_loss":0.0,"damage_taken":0.0,"relics_obtained":["Kunai"]},{"damage_healed":49.0,"max_hp_gain":0.0,"max_hp_loss":11.0,"gold_gain":0.0,"event_name":"The Moai Head","player_choice":"Heal","floor":42.0,"gold_loss":0.0,"damage_taken":0.0},{"damage_healed":0.0,"max_hp_gain":0.0,"max_hp_loss":0.0,"gold_gain":0.0,"event_name":"SensoryStone","player_choice":"Memory 1","floor":45.0,"gold_loss":0.0,"damage_taken":0.0},{"damage_healed":0.0,"max_hp_gain":0.0,"max_hp_loss":0.0,"gold_gain":0.0,"event_name":"SecretPortal","player_choice":"Ignored","floor":46.0,"gold_loss":0.0,"damage_taken":0.0},{"cards_removed":["Well Laid Plans"],"damage_healed":0.0,"max_hp_gain":0.0,"max_hp_loss":0.0,"gold_gain":0.0,"event_name":"Falling","player_choice":"Removed Power","floor":48.0,"gold_loss":0.0,"damage_taken":0.0}],"is_beta":false,"boss_relics":[{"not_picked":["Coffee Dripper","WristBlade"],"picked":"Cursed Key"},{"not_picked":["Ring of the Serpent","SlaversCollar"],"picked":"Runic Pyramid"}],"items_purged_floors":[5],"is_endless":false,"potions_floor_spawned":[2,4,7,10,14,16,18,20,21,23,29,33,36,39,47],"killed_by":"Awakened One","ascension_level":20}