{"gold_per_floor":[109,123,142,21,34,64,64,64,91,122,122,132,142,156,156,259,259,275,275,207,221,69,69,99,127,127,168,180,192,220,75,75,75],"floor_reached":33,"playtime":2765,"items_purged":["Strike_P"],"score":449,"play_id":"fb924648-424f-4456-b77b-23e966a2c2e3","local_time":"20230213211804","is_ascension_mode":true,"campfire_choices":[{"data":"Eruption","floor":8.0,"key":"SMITH"},{"data":"Halt","floor":11.0,"key":"SMITH"},{"floor":15.0,"key":"REST"},{"data":"TalkToTheHand","floor":23.0,"key":"SMITH"},{"data":"Vault","floor":29,"key":"SMITH"},{"data":"Blasphemy","floor":32,"key":"SMITH"}],"neow_cost":"NONE","seed_source_timestamp":485614829342100,"circlet_count":0,"master_deck":["Strike_P","Strike_P","Strike_P","Defend_P","Defend_P","Defend_P","Defend_P","Eruption+1","Vigilance","FearNoEvil","Consecrate","EmptyFist","Halt+1","CutThroughFate","InnerPeace","Blasphemy+1","J.A.X.","TalkToTheHand+1","Vault+1","SpiritShield","DeceiveReality"],"special_seed":0,"relics":["PureWater","MealTicket","Toy Ornithopter","Orichalcum","Happy Flower","VioletLotus","Akabeko","HornCleat","Red Mask","MawBank","Incense Burner","Strange Spoon"],"potions_floor_usage":[30,33],"damage_taken":[{"damage":0.0,"enemies":"Cultist","floor":1.0,"turns":4.0},{"damage":1.0,"enemies":"2 Louse","floor":2.0,"turns":2.0},{"damage":0.0,"enemies":"Small Slimes","floor":3.0,"turns":4.0},{"damage":9.0,"enemies":"Exordium Thugs","floor":5.0,"turns":5.0},{"damage":0.0,"enemies":"Gremlin Nob","floor":6.0,"turns":3.0},{"damage":18.0,"enemies":"Lagavulin","floor":10.0,"turns":7.0},{"damage":0.0,"enemies":"2 Fungi Beasts","floor":12.0,"turns":2.0},{"damage":0.0,"enemies":"Lots of Slimes","floor":13.0,"turns":3.0},{"damage":4.0,"enemies":"Red Slaver","floor":14.0,"turns":2.0},{"damage":23.0,"enemies":"The Guardian","floor":16.0,"turns":11.0},{"damage":0.0,"enemies":"2 Thieves","floor":18.0,"turns":1.0},{"damage":9.0,"enemies":"Shell Parasite","floor":21.0,"turns":4.0},{"damage":11.0,"enemies":"Book of Stabbing","floor":24.0,"turns":5.0},{"damage":0.0,"enemies":"Masked Bandits","floor":25.0,"turns":4.0},{"damage":3.0,"enemies":"Gremlin Leader","floor":27.0,"turns":4.0},{"damage":1,"enemies":"Centurion and Healer","floor":30,"turns":8},{"damage":84,"enemies":"Champ","floor":33,"turns":15}],"seed_played":"-3924445137309771409","potions_obtained":[{"floor":3.0,"key":"StancePotion"},{"floor":5.0,"key":"FearPotion"},{"floor":13.0,"key":"BlessingOfTheForge"},{"floor":14.0,"key":"ColorlessPotion"},{"floor":21.0,"key":"CultistPotion"},{"floor":27.0,"key":"Swift Potion"}],"is_trial":false,"path_per_floor":["M","M","M","$","M","E","$","R","T","E","R","M","M","M","R","B",null,"M","?","?","M","$","R","E","?","T","E","?","R","M","$","R","B"],"character_chosen":"WATCHER","items_purchased":["Consecrate","Vault","Strange Spoon"],"campfire_rested":1,"item_purchase_floors":[4,22,31],"current_hp_per_floor":[65,64,64,72,63,63,72,72,72,54,54,54,54,50,71,49,66,71,71,71,62,72,72,61,61,61,58,58,58,62,72,72,0],"gold":75,"neow_bonus":"RANDOM_COMMON_RELIC","is_prod":false,"is_daily":false,"chose_seed":false,"campfire_upgraded":5,"win_rate":0,"timestamp":1676351884,"path_taken":["M","?","M","$","M","E","?","R","T","E","R","M","?","M","R","BOSS","BOSS","M","?","?","?","$","R","E","?","T","E","?","R","M","$","R","BOSS"],"build_version":"2022-12-18","purchased_purges":1,"victory":false,"max_hp_per_floor":[72,72,72,72,72,72,72,72,72,72,72,72,72,72,72,72,72,72,72,72,72,72,72,72,72,72,72,72,72,72,72,72,72],"card_choices":[{"not_picked":["FlyingSleeves","Nirvana"],"picked":"FearNoEvil","floor":1.0},{"not_picked":["Prostrate","SignatureMove","BowlingBash"],"picked":"SKIP","floor":2.0},{"not_picked":["Nirvana","FearNoEvil","Weave"],"picked":"SKIP","floor":3.0},{"not_picked":["CrushJoints","Fasting2"],"picked":"EmptyFist","floor":5.0},{"not_picked":["FollowUp","Wireheading"],"picked":"Halt","floor":6.0},{"not_picked":["Evaluate","PathToVictory"],"picked":"CutThroughFate","floor":10.0},{"not_picked":["Fasting2","Perseverance"],"picked":"InnerPeace","floor":12.0},{"not_picked":["Protect","WreathOfFlame","Prostrate"],"picked":"SKIP","floor":13.0},{"not_picked":["WreathOfFlame","ClearTheMind","Protect"],"picked":"SKIP","floor":14.0},{"not_picked":["Ragnarok","Judgement"],"picked":"Blasphemy","floor":16.0},{"not_picked":["Worship","Consecrate+1","Prostrate+1"],"picked":"SKIP","floor":18.0},{"not_picked":["Pray","EmptyBody"],"picked":"TalkToTheHand","floor":21.0},{"not_picked":["ClearTheMind","Crescendo"],"picked":"SpiritShield","floor":24.0},{"not_picked":["DeusExMachina","CrushJoints+1","JustLucky"],"picked":"SKIP","floor":27.0},{"not_picked":["BowlingBash","CutThroughFate"],"picked":"DeceiveReality","floor":30}],"player_experience":553260,"relics_obtained":[{"floor":6.0,"key":"Toy Ornithopter"},{"floor":9.0,"key":"Orichalcum"},{"floor":10.0,"key":"Happy Flower"},{"floor":24.0,"key":"HornCleat"},{"floor":25.0,"key":"Red Mask"},{"floor":26.0,"key":"MawBank"},{"floor":27.0,"key":"Incense Burner"}],"event_choices":[{"damage_healed":0.0,"max_hp_gain":0.0,"max_hp_loss":0.0,"gold_gain":0.0,"event_name":"Drug Dealer","player_choice":"Obtain J.A.X.","floor":19.0,"gold_loss":0.0,"damage_taken":0.0,"cards_obtained":["J.A.X."]},{"damage_healed":0.0,"max_hp_gain":0.0,"max_hp_loss":0.0,"gold_gain":0.0,"event_name":"WeMeetAgain","player_choice":"Paid Gold","floor":20.0,"gold_loss":68.0,"damage_taken":0.0,"relics_obtained":["Akabeko"]},{"damage_healed":0.0,"max_hp_gain":0.0,"max_hp_loss":0.0,"gold_gain":0.0,"event_name":"Masked Bandits","player_choice":"Fought Bandits","floor":25.0,"gold_loss":0.0,"damage_taken":0.0},{"damage_healed":0,"gold_gain":0,"player_choice":"Ignored","damage_taken":0,"max_hp_gain":0,"max_hp_loss":0,"event_name":"Transmorgrifier","floor":28,"gold_loss":0}],"is_beta":false,"boss_relics":[{"not_picked":["HolyWater","Runic Dome"],"picked":"VioletLotus"}],"items_purged_floors":[4],"is_endless":false,"potions_floor_spawned":[3,5,13,14,21,27],"killed_by":"Champ","ascension_level":6}