{"gold_per_floor":[111,36,36,47,47,47,82,93,144,144,176,176,192,212,212,309,309,324,339,350,260,274,303,313,313,313,313,346,346,346,357,357,459,459,471,202,1201,437,447,447,480,480,480,511,511,511,527,542,542,542],"floor_reached":51,"playtime":7505,"items_purged":["Defend_P","Strike_P","Normality"],"score":1229,"play_id":"e20fa259-556e-4188-8e3f-540c7a7e6720","local_time":"20230221181053","is_ascension_mode":true,"campfire_choices":[{"data":"WindmillStrike","floor":6.0,"key":"SMITH"},{"data":"Vault","floor":10.0,"key":"SMITH"},{"data":"Vigilance","floor":12.0,"key":"SMITH"},{"data":"MentalFortress","floor":15.0,"key":"SMITH"},{"floor":25.0,"key":"REST"},{"data":"EmptyMind","floor":27.0,"key":"SMITH"},{"data":"Scrawl","floor":30.0,"key":"SMITH"},{"floor":32.0,"key":"REST"},{"data":"Establishment","floor":40,"key":"SMITH"},{"data":"Apotheosis","floor":46,"key":"SMITH"},{"data":"Vault","floor":49,"key":"SMITH"}],"neow_cost":"NONE","seed_source_timestamp":385524954573200,"circlet_count":0,"master_deck":["Strike_P","Defend_P","Defend_P+1","Eruption+1","Vigilance+1","WindmillStrike+1","Vault+1","MentalFortress+1","Vault+1","Study+1","CarveReality+1","Worship+1","EmptyFist+1","Meditate+1","EmptyMind+1","Wallop+1","Scrawl+1","FlurryOfBlows+1","Establishment+1","CutThroughFate+1","Panache","Normality","Adaptation","Apotheosis+1","Clumsy","Halt"],"special_seed":0,"relics":["PureWater","Toy Ornithopter","Damaru","Orichalcum","Astrolabe","Blue Candle","WingedGreaves","Bag of Marbles","Cursed Key","Frozen Eye","Whetstone","Pocketwatch","Mercury Hourglass","Akabeko"],"potions_floor_usage":[39,41,47,50],"damage_taken":[{"damage":13.0,"enemies":"Small Slimes","floor":1.0,"turns":4.0},{"damage":3.0,"enemies":"2 Louse","floor":4.0,"turns":3.0},{"damage":0.0,"enemies":"Gremlin Nob","floor":7.0,"turns":2.0},{"damage":0.0,"enemies":"Cultist","floor":8.0,"turns":2.0},{"damage":22.0,"enemies":"3 Sentries","floor":11.0,"turns":6.0},{"damage":0.0,"enemies":"Blue Slaver","floor":13.0,"turns":4.0},{"damage":0.0,"enemies":"Large Slime","floor":14.0,"turns":6.0},{"damage":0.0,"enemies":"Slime Boss","floor":16.0,"turns":7.0},{"damage":6.0,"enemies":"3 Byrds","floor":18.0,"turns":4.0},{"damage":0.0,"enemies":"Chosen","floor":19.0,"turns":4.0},{"damage":0.0,"enemies":"Snecko","floor":20.0,"turns":7.0},{"damage":18.0,"enemies":"Snake Plant","floor":22.0,"turns":5.0},{"damage":12.0,"enemies":"Book of Stabbing","floor":23.0,"turns":5.0},{"damage":14.0,"enemies":"3 Cultists","floor":24.0,"turns":5.0},{"damage":0.0,"enemies":"Gremlin Leader","floor":28.0,"turns":5.0},{"damage":0.0,"enemies":"Snecko","floor":31.0,"turns":3.0},{"damage":19.0,"enemies":"Collector","floor":33.0,"turns":8.0},{"damage":0.0,"enemies":"3 Darklings","floor":35.0,"turns":5.0},{"damage":0,"enemies":"3 Shapes","floor":39,"turns":4},{"damage":8,"enemies":"Giant Head","floor":41,"turns":7},{"damage":1,"enemies":"Reptomancer","floor":44,"turns":5},{"damage":2,"enemies":"Transient","floor":47,"turns":5},{"damage":3,"enemies":"Spire Growth","floor":48,"turns":3},{"damage":22,"enemies":"Time Eater","floor":50,"turns":6}],"seed_played":"9015497465189099289","potions_obtained":[{"floor":1.0,"key":"AttackPotion"},{"floor":13.0,"key":"Dexterity Potion"},{"floor":14.0,"key":"Dexterity Potion"},{"floor":22.0,"key":"Explosive Potion"},{"floor":24.0,"key":"Weak Potion"},{"floor":31.0,"key":"SpeedPotion"},{"floor":33.0,"key":"Fire Potion"},{"floor":39,"key":"ColorlessPotion"},{"floor":44,"key":"BottledMiracle"}],"is_trial":false,"path_per_floor":["M","$","?","M","?","R","E","M","T","R","E","R","M","M","R","B",null,"M","M","M","?","M","E","M","R","T","R","E","?","R","M","R","B",null,"M","$","?","$","M","R","E","?","T","E","?","R","M","M","R","B",null],"character_chosen":"WATCHER","items_purchased":["Panache","Adaptation","Apotheosis","Panacea","Frozen Eye","Whetstone"],"campfire_rested":2,"item_purchase_floors":[36,38,38,38,38,38],"current_hp_per_floor":[59,59,59,56,79,79,79,79,79,79,57,57,57,57,57,57,74,73,73,73,73,55,43,29,52,52,52,52,52,52,52,75,56,73,73,73,73,73,78,78,71,71,71,70,79,79,78,75,75,58],"gold":542,"neow_bonus":"TEN_PERCENT_HP_BONUS","is_prod":false,"is_daily":false,"chose_seed":false,"campfire_upgraded":9,"win_rate":0,"timestamp":1677031853,"path_taken":["M","$","?","M","?","R","E","M","T","R","E","R","M","M","R","BOSS","M","M","M","?","?","E","M","R","T","R","E","?","R","M","R","BOSS","M","$","?","$","M","R","E","?","T","E","?","R","?","?","R","BOSS"],"build_version":"2022-12-18","purchased_purges":3,"victory":true,"max_hp_per_floor":[79,79,79,79,79,79,79,79,79,79,79,79,79,79,79,79,79,79,79,79,79,79,79,79,79,79,79,79,79,79,79,79,79,79,79,79,79,79,79,79,79,79,79,79,79,79,79,79,79,79],"card_choices":[{"not_picked":["Study","JustLucky"],"picked":"WindmillStrike","floor":1.0},{"not_picked":["LikeWater","Indignation","BowlingBash"],"picked":"SKIP","floor":4.0},{"not_picked":["Prostrate","JustLucky"],"picked":"Vault","floor":7.0},{"not_picked":["Study","Wireheading","Pray"],"picked":"SKIP","floor":8.0},{"not_picked":["Study","Wireheading","Pray"],"picked":"SKIP","floor":8.0},{"not_picked":["Fasting2","CarveReality","Vengeance"],"picked":"SKIP","floor":11.0},{"not_picked":["EmptyFist","FollowUp"],"picked":"MentalFortress","floor":13.0},{"not_picked":["FollowUp","Conclude","ForeignInfluence"],"picked":"SKIP","floor":14.0},{"not_picked":["Omniscience","Blasphemy"],"picked":"Vault","floor":16.0},{"not_picked":["Tantrum","ReachHeaven","BattleHymn"],"picked":"SKIP","floor":18.0},{"not_picked":["SashWhip","LikeWater","Worship"],"picked":"SKIP","floor":19.0},{"not_picked":["BowlingBash+1","Protect+1"],"picked":"Worship+1","floor":20.0},{"not_picked":["FlurryOfBlows","SashWhip"],"picked":"EmptyFist","floor":22.0},{"not_picked":["Vengeance","Perseverance"],"picked":"Meditate+1","floor":23.0},{"not_picked":["Conclude","Fasting2"],"picked":"EmptyMind","floor":24.0},{"not_picked":["LikeWater","BattleHymn"],"picked":"Wallop+1","floor":28.0},{"not_picked":["Nirvana","Crescendo"],"picked":"FlurryOfBlows","floor":31.0},{"not_picked":["Blasphemy","Brilliance"],"picked":"Establishment","floor":33.0},{"not_picked":["FlyingSleeves","JustLucky+1"],"picked":"CutThroughFate+1","floor":35.0},{"not_picked":["EmptyBody","FollowUp","CrushJoints+1"],"picked":"SKIP","floor":39},{"not_picked":["CarveReality+1","PathToVictory","SandsOfTime"],"picked":"SKIP","floor":41},{"not_picked":["WheelKick","EmptyFist"],"picked":"Halt","floor":44},{"not_picked":["Prostrate+1","FlurryOfBlows+1","CrushJoints+1"],"picked":"SKIP","floor":47},{"not_picked":["Crescendo","FlurryOfBlows","JustLucky"],"picked":"SKIP","floor":48}],"player_experience":596246,"relics_obtained":[{"floor":7.0,"key":"Toy Ornithopter"},{"floor":9.0,"key":"Damaru"},{"floor":11.0,"key":"Orichalcum"},{"floor":23.0,"key":"Blue Candle"},{"floor":26.0,"key":"WingedGreaves"},{"floor":28.0,"key":"Bag of Marbles"},{"floor":41,"key":"Pocketwatch"},{"floor":43,"key":"Mercury Hourglass"},{"floor":44,"key":"Akabeko"}],"event_choices":[{"damage_healed":0.0,"max_hp_gain":0.0,"max_hp_loss":0.0,"gold_gain":0.0,"event_name":"Living Wall","player_choice":"Grow","floor":3.0,"gold_loss":0.0,"damage_taken":0.0,"cards_upgraded":["Eruption"]},{"damage_healed":26.0,"max_hp_gain":0.0,"max_hp_loss":0.0,"gold_gain":0.0,"event_name":"Big Fish","player_choice":"Banana","floor":5.0,"gold_loss":0.0,"damage_taken":0.0},{"cards_removed":["Alpha"],"damage_healed":0.0,"max_hp_gain":0.0,"max_hp_loss":0.0,"gold_gain":0.0,"event_name":"Designer","player_choice":"Upgrade and Remove","floor":21.0,"gold_loss":90.0,"damage_taken":0.0,"cards_upgraded":["Defend_P"]},{"damage_healed":0.0,"max_hp_gain":0.0,"max_hp_loss":0.0,"gold_gain":0.0,"event_name":"The Library","player_choice":"Read","floor":29.0,"gold_loss":0.0,"damage_taken":0.0,"cards_obtained":["Scrawl"]},{"damage_healed":0.0,"max_hp_gain":0.0,"max_hp_loss":0.0,"gold_gain":999.0,"event_name":"MindBloom","player_choice":"Gold","floor":37.0,"gold_loss":0.0,"damage_taken":0.0,"cards_obtained":["Normality","Normality"]},{"damage_healed":0,"gold_gain":0,"player_choice":"Memory 1","damage_taken":0,"max_hp_gain":0,"max_hp_loss":0,"event_name":"SensoryStone","floor":42,"gold_loss":0},{"cards_removed":["Panacea"],"damage_healed":9,"gold_gain":0,"player_choice":"Offered Uncommon","damage_taken":0,"max_hp_gain":0,"max_hp_loss":0,"event_name":"Bonfire Elementals","floor":45,"gold_loss":0}],"is_beta":false,"boss_relics":[{"not_picked":["Velvet Choker","Runic Pyramid"],"picked":"Astrolabe"},{"not_picked":["Runic Dome","Empty Cage"],"picked":"Cursed Key"}],"items_purged_floors":[2,36,38],"is_endless":false,"potions_floor_spawned":[1,13,14,22,24,31,33,39,44],"ascension_level":9}