{"gold_per_floor":[163,203,203,217,255,300,314,314,314,356,367,15,56,56,56,159,159,204,239,284,383,397,430,430,470,470,529,454,262,276,317,317,414,414,450,450,504,516,563,563,206,294,376,456,81,81,81,94,94,94],"floor_reached":51,"playtime":4422,"items_purged":["Defend_P","Strike_P+1","Defend_P+1"],"score":800,"play_id":"c5fece08-4b60-433a-8724-c8fd727b5961","local_time":"20230816172426","is_ascension_mode":false,"campfire_choices":[{"data":"Eruption","floor":8.0,"key":"SMITH"},{"data":"ForeignInfluence","floor":15.0,"key":"SMITH"},{"data":"White Noise","floor":24.0,"key":"SMITH"},{"data":"Hologram","floor":32.0,"key":"SMITH"},{"data":"Apotheosis","floor":40.0,"key":"SMITH"},{"data":"Wish","floor":47,"key":"SMITH"},{"data":"Forethought","floor":49,"key":"SMITH"}],"neow_cost":"TEN_PERCENT_HP_LOSS","seed_source_timestamp":0,"circlet_count":0,"master_deck":["Defend_P+1","Eruption+1","Vigilance","ForeignInfluence+1","Wish+1","Go for the Eyes+1","Wallop","White Noise+1","Trip","Prepared","ThirdEye","Dark Shackles","Adaptation","ReachHeaven","Master of Strategy","ClearTheMind","Shrug It Off+1","Acrobatics+1","Hologram+1","Body Slam","Warcry","Blur","Omniscience","Impatience+1","Apotheosis+1","Forethought+1","Flash of Steel","Caltrops+1","Master of Strategy","EmptyMind","Turbo"],"special_seed":0,"relics":["PureWater","PrismaticShard","Whetstone","Eternal Feather","Nunchaku","Black Star","Bronze Scales","White Beast Statue","Akabeko","Ginger","Omamori","PreservedInsect","Runic Pyramid","StoneCalendar","Blood Vial","Incense Burner","TeardropLocket","Bottled Lightning"],"potions_floor_usage":[42],"damage_taken":[{"damage":1.0,"enemies":"Jaw Worm","floor":1.0,"turns":4.0},{"damage":2.0,"enemies":"2 Louse","floor":2.0,"turns":4.0},{"damage":0.0,"enemies":"Small Slimes","floor":4.0,"turns":1.0},{"damage":4.0,"enemies":"Blue Slaver","floor":5.0,"turns":6.0},{"damage":5.0,"enemies":"3 Sentries","floor":6.0,"turns":4.0},{"damage":0.0,"enemies":"3 Louse","floor":7.0,"turns":1.0},{"damage":0.0,"enemies":"2 Fungi Beasts","floor":10.0,"turns":3.0},{"damage":0.0,"enemies":"Large Slime","floor":11.0,"turns":5.0},{"damage":0.0,"enemies":"Lots of Slimes","floor":13.0,"turns":7.0},{"damage":4.0,"enemies":"Hexaghost","floor":16.0,"turns":6.0},{"damage":0.0,"enemies":"Chosen","floor":18.0,"turns":3.0},{"damage":0.0,"enemies":"2 Thieves","floor":19.0,"turns":4.0},{"damage":9.0,"enemies":"Shelled Parasite and Fungi","floor":20.0,"turns":4.0},{"damage":0.0,"enemies":"Snecko","floor":22.0,"turns":5.0},{"damage":0.0,"enemies":"Book of Stabbing","floor":23.0,"turns":5.0},{"damage":0.0,"enemies":"Snake Plant","floor":25.0,"turns":4.0},{"damage":6.0,"enemies":"Slavers","floor":27.0,"turns":4.0},{"damage":16.0,"enemies":"Sentry and Sphere","floor":30.0,"turns":5.0},{"damage":4.0,"enemies":"Centurion and Healer","floor":31.0,"turns":7.0},{"damage":0.0,"enemies":"Champ","floor":33.0,"turns":9.0},{"damage":2.0,"enemies":"3 Shapes","floor":35.0,"turns":5.0},{"damage":17.0,"enemies":"2 Orb Walkers","floor":37.0,"turns":4.0},{"damage":0.0,"enemies":"Orb Walker","floor":38.0,"turns":2.0},{"damage":9.0,"enemies":"Spire Growth","floor":39.0,"turns":4.0},{"damage":8,"enemies":"Reptomancer","floor":42,"turns":4},{"damage":0,"enemies":"Jaw Worm Horde","floor":44,"turns":3},{"damage":0,"enemies":"Transient","floor":48,"turns":4},{"damage":45,"enemies":"Time Eater","floor":50,"turns":5}],"seed_played":"-3150521754850445388","potions_obtained":[{"floor":1.0,"key":"PowerPotion"},{"floor":2.0,"key":"BlessingOfTheForge"},{"floor":7.0,"key":"FairyPotion"},{"floor":11.0,"key":"Dexterity Potion"},{"floor":18.0,"key":"BlessingOfTheForge"},{"floor":20.0,"key":"EssenceOfSteel"},{"floor":25.0,"key":"StancePotion"},{"floor":27.0,"key":"SpeedPotion"},{"floor":31.0,"key":"Strength Potion"},{"floor":35.0,"key":"GamblersBrew"},{"floor":37.0,"key":"Regen Potion"},{"floor":38.0,"key":"AttackPotion"},{"floor":39.0,"key":"EntropicBrew"},{"floor":42,"key":"Fire Potion"},{"floor":44,"key":"Swift Potion"}],"is_trial":false,"path_per_floor":["M","M","?","M","M","E","M","R","T","M","M","$","M","?","R","B",null,"M","M","M","?","M","E","R","M","T","E","?","$","M","M","R","B",null,"M","?","?","M","M","R","$","E","T","M","$","?","R","M","R","B",null],"character_chosen":"WATCHER","items_purchased":["ThirdEye","Nunchaku","Dark Shackles","PreservedInsect","MentalFortress","Master of Strategy","EmptyMind","Bottled Lightning"],"campfire_rested":0,"item_purchase_floors":[12,12,12,29,29,41,41,45],"current_hp_per_floor":[64,62,49,49,45,40,40,40,40,40,40,40,40,40,49,45,65,65,65,56,56,56,56,65,65,65,59,59,59,43,39,54,54,65,63,53,36,36,27,45,45,46,46,48,48,48,65,65,65,20],"gold":94,"neow_bonus":"TRANSFORM_TWO_CARDS","is_prod":false,"is_daily":false,"chose_seed":false,"campfire_upgraded":7,"win_rate":0,"timestamp":1692231866,"path_taken":["M","M","?","M","M","E","M","R","T","M","M","$","M","?","R","BOSS","M","M","M","?","M","E","R","M","T","E","?","$","M","M","R","BOSS","M","?","?","M","M","R","$","E","T","M","$","?","R","M","R","BOSS"],"build_version":"2022-12-18","purchased_purges":3,"victory":true,"max_hp_per_floor":[65,65,65,65,65,65,65,65,65,65,65,65,65,65,65,65,65,65,65,65,65,65,65,65,65,65,65,65,65,65,65,65,65,65,65,65,65,65,65,65,65,65,65,65,65,65,65,65,65,65],"card_choices":[{"not_picked":["Coolheaded","Evaluate"],"picked":"Go for the Eyes","floor":1.0},{"not_picked":["Iron Wave","Anger"],"picked":"Wallop","floor":2.0},{"not_picked":["Perfected Strike","Jack Of All Trades","Study"],"picked":"SKIP","floor":4.0},{"not_picked":["Headbutt","Blizzard"],"picked":"White Noise","floor":5.0},{"not_picked":["Accuracy","Cleave","All For One"],"picked":"SKIP","floor":6.0},{"not_picked":["Weave","Heavy Blade"],"picked":"Trip","floor":7.0},{"not_picked":["Redo","ClearTheMind"],"picked":"Prepared","floor":10.0},{"not_picked":["Fasting2","Fire Breathing","SashWhip"],"picked":"SKIP","floor":11.0},{"not_picked":["Steam","Escape Plan"],"picked":"Adaptation","floor":13.0},{"not_picked":["Berserk","Venomology"],"picked":"Master of Strategy","floor":16.0},{"not_picked":["Rage+1","CrushJoints"],"picked":"ClearTheMind","floor":18.0},{"not_picked":["Clothesline","Fasting2","Havoc+1"],"picked":"SKIP","floor":19.0},{"not_picked":["Conclude","Cold Snap"],"picked":"Shrug It Off+1","floor":20.0},{"not_picked":["Establishment","Stack+1"],"picked":"Acrobatics+1","floor":22.0},{"not_picked":["Vengeance","FlurryOfBlows+1","Dagger Spray"],"picked":"SKIP","floor":23.0},{"not_picked":["Havoc","Burning Pact"],"picked":"Hologram","floor":25.0},{"not_picked":["Clothesline+1","ClearTheMind+1"],"picked":"Body Slam","floor":27.0},{"not_picked":["Heavy Blade+1","Leg Sweep"],"picked":"Warcry","floor":30.0},{"not_picked":["Shrug It Off","Uppercut+1"],"picked":"Blur","floor":31.0},{"not_picked":["Adrenaline","Tools of the Trade"],"picked":"Omniscience","floor":33.0},{"not_picked":["Consecrate","Cold Snap"],"picked":"Impatience+1","floor":35.0},{"not_picked":["Madness","Discovery"],"picked":"Apotheosis","floor":36.0},{"not_picked":["Magnetism","Jack Of All Trades"],"picked":"Forethought","floor":36.0},{"not_picked":["Mind Blast","Purity"],"picked":"Flash of Steel","floor":36.0},{"not_picked":["Go for the Eyes","Heavy Blade+1"],"picked":"Caltrops+1","floor":37.0},{"not_picked":["LikeWater+1","Sanctity","BowlingBash"],"picked":"SKIP","floor":38.0},{"not_picked":["Recycle","Dodge and Roll","Power Through"],"picked":"SKIP","floor":39.0},{"not_picked":["Deadly Poison+1","FlyingSleeves"],"picked":"Turbo","floor":42},{"not_picked":["SignatureMove+1","Dagger Throw+1","Dash+1"],"picked":"SKIP","floor":44},{"not_picked":["Flying Knee","Infinite Blades+1","Recycle"],"picked":"SKIP","floor":48}],"player_experience":846974,"relics_obtained":[{"floor":6.0,"key":"Whetstone"},{"floor":9.0,"key":"Eternal Feather"},{"floor":23.0,"key":"Bronze Scales"},{"floor":23.0,"key":"White Beast Statue"},{"floor":26.0,"key":"Akabeko"},{"floor":27.0,"key":"Ginger"},{"floor":27.0,"key":"Omamori"},{"floor":37.0,"key":"StoneCalendar"},{"floor":42,"key":"Blood Vial"},{"floor":42,"key":"Incense Burner"},{"floor":43,"key":"TeardropLocket"}],"event_choices":[{"damage_healed":0.0,"max_hp_gain":0.0,"max_hp_loss":0.0,"gold_gain":0.0,"event_name":"Shining Light","player_choice":"Entered Light","floor":3.0,"gold_loss":0.0,"damage_taken":13.0,"cards_upgraded":["Defend_P","Defend_P"]},{"damage_healed":0.0,"max_hp_gain":0.0,"max_hp_loss":0.0,"gold_gain":0.0,"cards_transformed":["Strike_P"],"event_name":"Living Wall","player_choice":"Change","floor":14.0,"gold_loss":0.0,"damage_taken":0.0,"cards_obtained":["ReachHeaven"]},{"damage_healed":0.0,"max_hp_gain":0.0,"max_hp_loss":0.0,"gold_gain":99.0,"event_name":"Nest","player_choice":"Stole From Cult","floor":21.0,"gold_loss":0.0,"damage_taken":0.0},{"cards_removed":["Strike_P"],"damage_healed":0.0,"max_hp_gain":0.0,"max_hp_loss":0.0,"gold_gain":0.0,"event_name":"Beggar","player_choice":"Gave Gold","floor":28.0,"gold_loss":75.0,"damage_taken":0.0},{"damage_healed":0.0,"max_hp_gain":0.0,"max_hp_loss":0.0,"gold_gain":0.0,"event_name":"SensoryStone","player_choice":"Memory 3","floor":36.0,"gold_loss":0.0,"damage_taken":10.0},{"damage_healed":0.0,"max_hp_gain":0.0,"max_hp_loss":0.0,"gold_gain":0.0,"event_name":"Mysterious Sphere","player_choice":"Fight","floor":37.0,"gold_loss":0.0,"damage_taken":0.0},{"cards_removed":["MentalFortress"],"damage_healed":0,"gold_gain":0,"player_choice":"Removed Power","damage_taken":0,"max_hp_gain":0,"max_hp_loss":0,"event_name":"Falling","floor":46,"gold_loss":0}],"is_beta":false,"boss_relics":[{"not_picked":["Ectoplasm","Velvet Choker"],"picked":"Black Star"},{"not_picked":["Tiny House","Coffee Dripper"],"picked":"Runic Pyramid"}],"items_purged_floors":[12,41,45],"is_endless":false,"potions_floor_spawned":[1,2,7,11,18,20,23,25,27,30,31,33,35,37,38,39,42,44,48],"ascension_level":0}