{"gold_per_floor":[109,129,129,150,173,173,217,242,242,242],"floor_reached":10,"playtime":526,"items_purged":[],"score":133,"play_id":"8d8a2482-cff2-4803-842f-f99efaa06154","local_time":"20230829152245","is_ascension_mode":true,"campfire_choices":[{"data":"Eruption","floor":6,"key":"SMITH"}],"neow_cost":"NONE","seed_source_timestamp":1680299041597500,"circlet_count":0,"master_deck":["AscendersBane","Strike_P","Strike_P","Strike_P","Strike_P","Defend_P","Defend_P","Defend_P","Defend_P","Eruption+1","Vigilance","Scrawl","ReachHeaven","Prostrate","Wish","Evaluate","WindmillStrike"],"relics":["PureWater","Golden Idol","Vajra","Ancient Tea Set","Regal Pillow"],"potions_floor_usage":[],"damage_taken":[{"damage":2,"enemies":"Jaw Worm","floor":1,"turns":4},{"damage":0,"enemies":"Cultist","floor":2,"turns":2},{"damage":0,"enemies":"2 Louse","floor":4,"turns":4},{"damage":9,"enemies":"2 Fungi Beasts","floor":5,"turns":4},{"damage":37,"enemies":"Lagavulin","floor":7,"turns":11},{"damage":29,"enemies":"Gremlin Nob","floor":10,"turns":3}],"seed_played":"4730970750513145531","potions_obtained":[{"floor":7,"key":"Strength Potion"}],"is_trial":false,"path_per_floor":["M","M","?","M","M","R","E","T","T","E"],"character_chosen":"WATCHER","items_purchased":[],"campfire_rested":0,"item_purchase_floors":[],"current_hp_per_floor":[59,59,59,59,50,50,13,13,13,0],"gold":242,"neow_bonus":"ONE_RANDOM_RARE_CARD","is_prod":false,"is_daily":false,"chose_seed":false,"campfire_upgraded":1,"win_rate":0,"timestamp":1693347765,"path_taken":["M","M","?","M","M","R","E","?","T","E"],"build_version":"2022-12-18","purchased_purges":0,"victory":false,"max_hp_per_floor":[68,68,62,62,62,62,62,62,62,62],"card_choices":[{"not_picked":["Evaluate","FlyingSleeves"],"picked":"ReachHeaven","floor":1},{"not_picked":["JustLucky","SashWhip"],"picked":"Prostrate","floor":2},{"not_picked":["WindmillStrike","Wireheading"],"picked":"Wish","floor":4},{"not_picked":["WheelKick","EmptyBody"],"picked":"Evaluate","floor":5},{"not_picked":["PathToVictory","WheelKick"],"picked":"WindmillStrike","floor":7}],"player_experience":878066,"relics_obtained":[{"floor":7,"key":"Vajra"},{"floor":8,"key":"Ancient Tea Set"},{"floor":9,"key":"Regal Pillow"}],"event_choices":[{"damage_healed":0,"gold_gain":0,"player_choice":"Lose Max HP","damage_taken":0,"relics_obtained":["Golden Idol"],"max_hp_gain":0,"max_hp_loss":6,"event_name":"Golden Idol","floor":3,"gold_loss":0}],"is_beta":false,"boss_relics":[],"items_purged_floors":[],"is_endless":false,"potions_floor_spawned":[7],"killed_by":"Gremlin Nob","ascension_level":19}