{"gold_per_floor":[211,211,231,231,249,283,283,313,313,329,329,362,378,393,393,467,467,485,499,300,316,332,332,359,359,359,371,371,400,413,438,438,516,516,529,554,570,587,319,354,354,78,78,108,118,118,151,26,26,26],"floor_reached":51,"playtime":4400,"items_purged":["Defend_P","Defend_P+1","Strike_P+1"],"score":2179,"play_id":"4f63e103-ca17-4bc6-9375-003817a8153a","local_time":"20230917004146","is_ascension_mode":true,"campfire_choices":[{"data":"Eruption","floor":7.0,"key":"SMITH"},{"data":"WindmillStrike","floor":15.0,"key":"SMITH"},{"data":"Scrawl","floor":23.0,"key":"SMITH"},{"data":"Prostrate","floor":28.0,"key":"SMITH"},{"data":"WheelKick","floor":32.0,"key":"SMITH"},{"data":"Vault","floor":41.0,"key":"SMITH"},{"data":"Dark Shackles","floor":49,"key":"SMITH"}],"neow_cost":"NONE","seed_source_timestamp":0,"circlet_count":0,"master_deck":["AscendersBane","Strike_P+1","Strike_P+1","Eruption+1","Vigilance+1","WindmillStrike+1","WheelKick+1","Meditate+1","Halt+1","FlurryOfBlows+1","Wallop+1","FearNoEvil+1","Prostrate+1","Scrawl+1","LessonLearned+1","Halt+1","Dark Shackles+1","Tantrum+1","Vault+1","Scrawl+1","Prostrate+1","Vault+1","Trip+1","Dark Shackles+1"],"special_seed":0,"relics":["PureWater","Potion Belt","Singing Bowl","Nunchaku","Blue Candle","Runic Pyramid","HornCleat","Frozen Egg 2","Blood Vial","Pear","SlaversCollar","Torii","Bronze Scales","Pantograph","Shuriken","Anchor","Oddly Smooth Stone"],"potions_floor_usage":[],"damage_taken":[{"damage":0.0,"enemies":"Small Slimes","floor":1.0,"turns":2.0},{"damage":9.0,"enemies":"2 Louse","floor":3.0,"turns":2.0},{"damage":0.0,"enemies":"Cultist","floor":5.0,"turns":2.0},{"damage":16.0,"enemies":"Gremlin Nob","floor":6.0,"turns":3.0},{"damage":0.0,"enemies":"3 Sentries","floor":8.0,"turns":4.0},{"damage":6.0,"enemies":"Lots of Slimes","floor":10.0,"turns":3.0},{"damage":0.0,"enemies":"Lagavulin","floor":12.0,"turns":3.0},{"damage":0.0,"enemies":"Looter","floor":13.0,"turns":2.0},{"damage":0.0,"enemies":"3 Louse","floor":14.0,"turns":2.0},{"damage":0.0,"enemies":"Hexaghost","floor":16.0,"turns":6.0},{"damage":0.0,"enemies":"Chosen","floor":18.0,"turns":3.0},{"damage":3.0,"enemies":"3 Byrds","floor":19.0,"turns":5.0},{"damage":9.0,"enemies":"3 Cultists","floor":21.0,"turns":5.0},{"damage":1.0,"enemies":"Chosen and Byrds","floor":22.0,"turns":5.0},{"damage":0.0,"enemies":"Gremlin Leader","floor":24.0,"turns":6.0},{"damage":0.0,"enemies":"Snecko","floor":27.0,"turns":5.0},{"damage":0.0,"enemies":"Slavers","floor":29.0,"turns":4.0},{"damage":0.0,"enemies":"Snake Plant","floor":30.0,"turns":2.0},{"damage":16.0,"enemies":"Book of Stabbing","floor":31.0,"turns":5.0},{"damage":1.0,"enemies":"Champ","floor":33.0,"turns":8.0},{"damage":5.0,"enemies":"3 Shapes","floor":35.0,"turns":6.0},{"damage":0.0,"enemies":"Mind Bloom Boss Battle","floor":36.0,"turns":5.0},{"damage":0.0,"enemies":"Orb Walker","floor":37.0,"turns":3.0},{"damage":8.0,"enemies":"Spire Growth","floor":38.0,"turns":4.0},{"damage":1.0,"enemies":"Reptomancer","floor":40.0,"turns":5.0},{"damage":10.0,"enemies":"Nemesis","floor":44.0,"turns":6.0},{"damage":0.0,"enemies":"Jaw Worm Horde","floor":45.0,"turns":3.0},{"damage":0,"enemies":"Giant Head","floor":47,"turns":5},{"damage":0,"enemies":"Awakened One","floor":50,"turns":5}],"seed_played":"-459034115332763020","potions_obtained":[{"floor":5.0,"key":"SteroidPotion"},{"floor":6.0,"key":"Regen Potion"},{"floor":8.0,"key":"LiquidMemories"},{"floor":10.0,"key":"DuplicationPotion"},{"floor":14.0,"key":"Block Potion"},{"floor":19.0,"key":"Fire Potion"},{"floor":22.0,"key":"FairyPotion"},{"floor":27.0,"key":"PowerPotion"},{"floor":29.0,"key":"GamblersBrew"},{"floor":30.0,"key":"BottledMiracle"},{"floor":36.0,"key":"LiquidMemories"},{"floor":38.0,"key":"Regen Potion"},{"floor":44.0,"key":"FearPotion"},{"floor":47,"key":"Block Potion"}],"is_trial":false,"path_per_floor":["M","?","M","?","M","E","R","E","T","M","?","E","M","M","R","B",null,"M","M","$","M","M","R","E","?","T","M","R","E","M","E","R","B",null,"M","?","M","M","$","E","R","$","T","E","M","?","E","$","R","B",null],"character_chosen":"WATCHER","items_purchased":["Halt","Dark Shackles","Bronze Scales","Shuriken"],"campfire_rested":0,"item_purchase_floors":[20,20,39,42],"current_hp_per_floor":[61,66,57,57,57,41,41,41,41,35,35,35,35,35,35,35,64,66,65,65,58,59,59,59,59,59,61,61,61,65,63,63,64,89,88,92,96,90,90,96,96,96,96,90,94,86,90,90,90,111],"gold":26,"neow_bonus":"HUNDRED_GOLD","is_prod":false,"is_daily":false,"chose_seed":false,"campfire_upgraded":7,"win_rate":0,"timestamp":1694936506,"path_taken":["M","?","M","?","M","E","R","E","T","M","?","E","?","?","R","BOSS","M","M","$","M","M","R","E","?","T","M","R","E","M","E","R","BOSS","M","?","M","M","$","E","R","$","T","E","M","?","E","?","R","BOSS"],"build_version":"2022-12-18","purchased_purges":3,"victory":true,"max_hp_per_floor":[68,73,73,73,73,73,73,73,73,73,73,73,73,73,73,73,73,75,77,77,79,81,81,81,81,81,83,83,83,85,97,97,97,97,99,101,103,103,103,103,103,103,103,105,107,109,111,111,111,111],"card_choices":[{"not_picked":["Evaluate","Sanctity","PathToVictory"],"picked":"SKIP","floor":1.0},{"not_picked":["JustLucky","Swivel"],"picked":"WindmillStrike","floor":3.0},{"not_picked":["CrushJoints","SashWhip"],"picked":"Meditate","floor":5.0},{"not_picked":["SignatureMove","ClearTheMind"],"picked":"Halt","floor":6.0},{"not_picked":["FlyingSleeves","Perseverance"],"picked":"FlurryOfBlows","floor":8.0},{"not_picked":["Tantrum","Protect"],"picked":"Wallop","floor":10.0},{"not_picked":["Pray","SashWhip"],"picked":"FearNoEvil","floor":12.0},{"not_picked":["EmptyBody","Perseverance"],"picked":"Prostrate","floor":13.0},{"not_picked":["Protect","Swivel"],"picked":"Scrawl","floor":14.0},{"not_picked":["Ragnarok","ConjureBlade"],"picked":"LessonLearned","floor":16.0},{"not_picked":["Swivel","PathToVictory","WheelKick+1"],"picked":"Singing Bowl","floor":18.0},{"not_picked":["Perseverance","Halt+1","Collect"],"picked":"Singing Bowl","floor":19.0},{"not_picked":["CrushJoints","ClearTheMind","InnerPeace"],"picked":"Singing Bowl","floor":21.0},{"not_picked":["Perseverance","MasterReality","Swivel+1"],"picked":"Singing Bowl","floor":22.0},{"not_picked":["Halt+1","ThirdEye"],"picked":"Tantrum","floor":24.0},{"not_picked":["Consecrate+1","Crescendo+1","Study+1"],"picked":"Singing Bowl","floor":27.0},{"not_picked":["Collect+1","JustLucky"],"picked":"Vault","floor":29.0},{"not_picked":["FlyingSleeves","JustLucky","Nirvana+1"],"picked":"Singing Bowl","floor":30.0},{"not_picked":["FlyingSleeves","PathToVictory","SashWhip"],"picked":"Singing Bowl","floor":31.0},{"not_picked":["LessonLearned","Blasphemy"],"picked":"Scrawl","floor":33.0},{"not_picked":["FearNoEvil","Halt","PathToVictory+1"],"picked":"Singing Bowl","floor":35.0},{"not_picked":["FlurryOfBlows","Study+1","FearNoEvil+1"],"picked":"Singing Bowl","floor":36.0},{"not_picked":["Halt","Protect","FollowUp"],"picked":"Singing Bowl","floor":37.0},{"not_picked":["CarveReality","JustLucky+1"],"picked":"Prostrate","floor":38.0},{"not_picked":["FlurryOfBlows+1","Alpha"],"picked":"Vault","floor":40.0},{"not_picked":["Protect","ClearTheMind","CrushJoints"],"picked":"Singing Bowl","floor":44.0},{"not_picked":["CrushJoints+1","FlyingSleeves","WreathOfFlame+1"],"picked":"Singing Bowl","floor":45.0},{"not_picked":["Purity","Magnetism+1"],"picked":"Trip","floor":46},{"not_picked":["Swift Strike","Deep Breath"],"picked":"Dark Shackles","floor":46},{"not_picked":["Mind Blast","Dramatic Entrance","Good Instincts"],"picked":"Singing Bowl","floor":46},{"not_picked":["Wish","FollowUp","ReachHeaven"],"picked":"Singing Bowl","floor":47}],"player_experience":889350,"relics_obtained":[{"floor":6.0,"key":"Potion Belt"},{"floor":8.0,"key":"Singing Bowl"},{"floor":9.0,"key":"Nunchaku"},{"floor":12.0,"key":"Blue Candle"},{"floor":24.0,"key":"HornCleat"},{"floor":26.0,"key":"Frozen Egg 2"},{"floor":29.0,"key":"Blood Vial"},{"floor":31.0,"key":"Pear"},{"floor":36.0,"key":"Torii"},{"floor":40.0,"key":"Pantograph"},{"floor":44.0,"key":"Anchor"},{"floor":47,"key":"Oddly Smooth Stone"}],"event_choices":[{"damage_healed":0.0,"max_hp_gain":5.0,"max_hp_loss":0.0,"gold_gain":0.0,"event_name":"Big Fish","player_choice":"Donut","floor":2.0,"gold_loss":0.0,"damage_taken":0.0},{"damage_healed":0.0,"max_hp_gain":0.0,"max_hp_loss":0.0,"gold_gain":0.0,"cards_transformed":["Defend_P"],"event_name":"Living Wall","player_choice":"Change","floor":4.0,"gold_loss":0.0,"damage_taken":0.0,"cards_obtained":["WheelKick"]},{"cards_removed":["Defend_P"],"damage_healed":0.0,"max_hp_gain":0.0,"max_hp_loss":0.0,"gold_gain":0.0,"event_name":"Bonfire Elementals","player_choice":"Offered Basic","floor":11.0,"gold_loss":0.0,"damage_taken":0.0},{"cards_removed":["Strike_P"],"damage_healed":0.0,"max_hp_gain":0.0,"max_hp_loss":0.0,"gold_gain":0.0,"event_name":"Back to Basics","player_choice":"Elegance","floor":25.0,"gold_loss":0.0,"damage_taken":0.0},{"damage_healed":0.0,"max_hp_gain":0.0,"max_hp_loss":0.0,"gold_gain":0.0,"event_name":"MindBloom","player_choice":"Fight","floor":36.0,"gold_loss":0.0,"damage_taken":0.0},{"damage_healed":0,"gold_gain":0,"player_choice":"Memory 3","damage_taken":10,"max_hp_gain":0,"max_hp_loss":0,"event_name":"SensoryStone","floor":46,"gold_loss":0}],"is_beta":false,"boss_relics":[{"not_picked":["Black Star","Empty Cage"],"picked":"Runic Pyramid"},{"not_picked":["Runic Dome","Coffee Dripper"],"picked":"SlaversCollar"}],"items_purged_floors":[20,39,48],"is_endless":false,"potions_floor_spawned":[5,6,8,10,14,19,22,27,29,30,36,38,44,47],"ascension_level":19}