{"gold_per_floor":[19,37,50,25,25,25,54,72,96,116,143,143,68,96,96,170,170,182,198,198,198,214,244,244],"floor_reached":24,"playtime":1613,"items_purged":["Defend_P"],"score":572,"play_id":"840dfd0d-7761-475f-ae20-909b612abe96","local_time":"20230928161804","is_ascension_mode":true,"campfire_choices":[{"data":"WindmillStrike","floor":6.0,"key":"SMITH"},{"data":"Pray","floor":15.0,"key":"SMITH"}],"neow_cost":"NO_GOLD","seed_source_timestamp":0,"circlet_count":0,"master_deck":["AscendersBane","Strike_P","Strike_P+1","Strike_P+1","Defend_P","Eruption+1","Vigilance","Vengeance","WindmillStrike+1","CrushJoints","ThirdEye","Meditate","Pray+1","Vault","FearNoEvil","Devotion","Study+1","ThirdEye+1","InnerPeace"],"special_seed":0,"relics":["HolyWater","Oddly Smooth Stone","Strawberry","Whetstone","Mummified Hand","Juzu Bracelet"],"potions_floor_usage":[24],"damage_taken":[{"damage":0.0,"enemies":"Cultist","floor":1.0,"turns":2.0},{"damage":4.0,"enemies":"Jaw Worm","floor":2.0,"turns":3.0},{"damage":4.0,"enemies":"Small Slimes","floor":3.0,"turns":2.0},{"damage":0.0,"enemies":"Gremlin Nob","floor":7.0,"turns":2.0},{"damage":7.0,"enemies":"3 Louse","floor":8.0,"turns":4.0},{"damage":0.0,"enemies":"2 Fungi Beasts","floor":10.0,"turns":2.0},{"damage":5.0,"enemies":"3 Sentries","floor":11.0,"turns":5.0},{"damage":0.0,"enemies":"Lagavulin","floor":14.0,"turns":4.0},{"damage":14.0,"enemies":"The Guardian","floor":16.0,"turns":8.0},{"damage":6.0,"enemies":"Shell Parasite","floor":18.0,"turns":3.0},{"damage":18.0,"enemies":"3 Byrds","floor":19.0,"turns":4.0},{"damage":1.0,"enemies":"Snake Plant","floor":22.0,"turns":4.0},{"damage":12.0,"enemies":"Book of Stabbing","floor":23.0,"turns":4.0},{"damage":27,"enemies":"Chosen and Byrds","floor":24,"turns":4}],"seed_played":"2527733744438594609","potions_obtained":[{"floor":1.0,"key":"StancePotion"},{"floor":3.0,"key":"PowerPotion"},{"floor":16.0,"key":"SkillPotion"},{"floor":19.0,"key":"ColorlessPotion"},{"floor":22.0,"key":"GamblersBrew"},{"floor":23.0,"key":"SkillPotion"}],"is_trial":false,"path_per_floor":["M","M","M","$","?","R","E","M","T","M","E","?","$","E","R","B",null,"M","M","?","?","M","E","M"],"character_chosen":"WATCHER","items_purchased":["ThirdEye"],"campfire_rested":0,"item_purchase_floors":[4],"current_hp_per_floor":[61,57,53,53,53,53,53,46,53,53,48,41,41,41,41,27,63,57,39,39,39,38,26,0],"gold":244,"neow_bonus":"REMOVE_TWO","is_prod":false,"is_daily":false,"chose_seed":false,"campfire_upgraded":2,"win_rate":0,"timestamp":1695943084,"path_taken":["M","M","M","?","?","R","E","?","T","M","E","?","$","E","R","BOSS","M","M","?","?","?","E","M"],"build_version":"2022-12-18","purchased_purges":1,"victory":false,"max_hp_per_floor":[68,68,68,68,68,68,68,68,75,75,75,75,75,75,75,75,75,75,75,75,75,75,75,75],"card_choices":[{"not_picked":["Protect","Swivel"],"picked":"Vengeance","floor":1.0},{"not_picked":["Adaptation","LikeWater"],"picked":"WindmillStrike","floor":2.0},{"not_picked":["Crescendo","Fasting2"],"picked":"CrushJoints","floor":3.0},{"not_picked":["Protect","BattleHymn"],"picked":"Meditate","floor":7.0},{"not_picked":["Evaluate","CrushJoints"],"picked":"Pray","floor":8.0},{"not_picked":["Protect","Fasting2"],"picked":"Vault","floor":10.0},{"not_picked":["SashWhip","BowlingBash"],"picked":"FearNoEvil","floor":11.0},{"not_picked":["Crescendo","CrushJoints","ReachHeaven"],"picked":"SKIP","floor":14.0},{"not_picked":["Crescendo","CrushJoints","ReachHeaven"],"picked":"SKIP","floor":14.0},{"not_picked":["DevaForm","Alpha"],"picked":"Devotion","floor":16.0},{"not_picked":["FlyingSleeves+1","Worship"],"picked":"Study","floor":18.0},{"not_picked":["FlyingSleeves","ClearTheMind"],"picked":"ThirdEye+1","floor":19.0},{"not_picked":["PathToVictory","BowlingBash","FollowUp+1"],"picked":"SKIP","floor":22.0},{"not_picked":["SandsOfTime","ForeignInfluence"],"picked":"InnerPeace","floor":23.0}],"player_experience":909348,"relics_obtained":[{"floor":7.0,"key":"Oddly Smooth Stone"},{"floor":9.0,"key":"Strawberry"},{"floor":11.0,"key":"Whetstone"},{"floor":14.0,"key":"Mummified Hand"},{"floor":23.0,"key":"Juzu Bracelet"}],"event_choices":[{"damage_healed":0.0,"max_hp_gain":0.0,"max_hp_loss":0.0,"gold_gain":0.0,"event_name":"Upgrade Shrine","player_choice":"Upgraded","floor":5.0,"gold_loss":0.0,"damage_taken":0.0,"cards_upgraded":["Eruption"]},{"cards_removed":["Strike_P"],"damage_healed":0.0,"max_hp_gain":0.0,"max_hp_loss":0.0,"gold_gain":0.0,"event_name":"Golden Wing","player_choice":"Card Removal","floor":12.0,"gold_loss":0.0,"damage_taken":7.0},{"damage_healed":0.0,"max_hp_gain":0.0,"max_hp_loss":0.0,"gold_gain":0.0,"event_name":"The Mausoleum","player_choice":"Ignored","floor":20.0,"gold_loss":0.0,"damage_taken":0.0},{"damage_healed":0.0,"max_hp_gain":0.0,"max_hp_loss":0.0,"gold_gain":0.0,"event_name":"Upgrade Shrine","player_choice":"Upgraded","floor":21.0,"gold_loss":0.0,"damage_taken":0.0,"cards_upgraded":["Study"]}],"is_beta":false,"boss_relics":[{"not_picked":["Busted Crown","Coffee Dripper"],"picked":"HolyWater"}],"items_purged_floors":[13],"is_endless":false,"potions_floor_spawned":[1,3,8,14,16,19,22,23],"killed_by":"Chosen and Byrds","ascension_level":20}