{"gold_per_floor":[114,128,138,138,138,170,187,187,234,249,278,124,134,152,152,224,224,234,279,320,55,55,55,55,55],"floor_reached":25,"playtime":2973,"items_purged":["Regret","Parasite"],"score":455,"play_id":"927dadee-7e7c-46f3-8b85-6313078669ec","local_time":"20230923104635","is_ascension_mode":true,"campfire_choices":[{"floor":15.0,"key":"REST"},{"floor":23.0,"key":"REST"}],"neow_cost":"NONE","seed_source_timestamp":0,"circlet_count":0,"master_deck":["AscendersBane","Defend_P","Defend_P","Defend_P","Eruption","Vigilance","SashWhip","Prostrate","SpiritShield","ClearTheMind","Consecrate","FlurryOfBlows","Wish","Adaptation","WheelKick","Brilliance","Halt","FearNoEvil","Sanctity","MentalFortress","Indignation","Bite","Bite","Bite","Bite","Bite"],"special_seed":0,"relics":["Busted Crown","Question Card","Orichalcum","Vajra","SacredBark"],"potions_floor_usage":[],"damage_taken":[{"damage":8.0,"enemies":"2 Louse","floor":1.0,"turns":3.0},{"damage":0.0,"enemies":"Jaw Worm","floor":2.0,"turns":2.0},{"damage":4.0,"enemies":"Cultist","floor":3.0,"turns":3.0},{"damage":18.0,"enemies":"Gremlin Nob","floor":6.0,"turns":3.0},{"damage":2.0,"enemies":"2 Fungi Beasts","floor":7.0,"turns":4.0},{"damage":8.0,"enemies":"Blue Slaver","floor":10.0,"turns":5.0},{"damage":3.0,"enemies":"3 Sentries","floor":11.0,"turns":9.0},{"damage":4.0,"enemies":"Looter","floor":13.0,"turns":2.0},{"damage":3.0,"enemies":"Exordium Thugs","floor":14.0,"turns":3.0},{"damage":25.0,"enemies":"Slime Boss","floor":16.0,"turns":10.0},{"damage":6.0,"enemies":"2 Thieves","floor":18.0,"turns":4.0},{"damage":25.0,"enemies":"3 Byrds","floor":19.0,"turns":6.0},{"damage":6.0,"enemies":"Centurion and Healer","floor":20.0,"turns":7.0},{"damage":39,"enemies":"Book of Stabbing","floor":25,"turns":4}],"seed_played":"-4191630375041004356","potions_obtained":[{"floor":2.0,"key":"Fire Potion"},{"floor":3.0,"key":"DuplicationPotion"},{"floor":13.0,"key":"EssenceOfSteel"},{"floor":14.0,"key":"SteroidPotion"},{"floor":18.0,"key":"DistilledChaos"},{"floor":19.0,"key":"EssenceOfSteel"}],"is_trial":false,"path_per_floor":["M","M","M","?","?","E","M","?","T","M","E","$","M","M","R","B",null,"M","M","M","$","?","R","?","E"],"character_chosen":"WATCHER","items_purchased":["WheelKick","MentalFortress","Indignation"],"campfire_rested":2,"item_purchase_floors":[12,21,21],"current_hp_per_floor":[53,53,49,49,49,31,29,29,29,21,18,18,14,11,31,6,53,47,22,16,16,16,35,35,0],"gold":55,"neow_bonus":"BOSS_RELIC","is_prod":false,"is_daily":false,"chose_seed":false,"campfire_upgraded":0,"win_rate":0,"timestamp":1695491195,"path_taken":["M","M","M","?","?","E","M","?","T","M","E","$","?","M","R","BOSS","M","M","M","$","?","R","?","E"],"build_version":"2022-12-18","purchased_purges":2,"victory":false,"max_hp_per_floor":[68,68,68,68,68,68,68,68,68,68,68,68,68,68,68,68,68,68,68,68,65,65,65,45,45],"card_choices":[{"not_picked":[],"picked":"SashWhip","floor":1.0},{"not_picked":[],"picked":"Prostrate","floor":2.0},{"not_picked":["Tantrum"],"picked":"SKIP","floor":3.0},{"not_picked":[],"picked":"ClearTheMind","floor":6.0},{"not_picked":["FollowUp"],"picked":"Consecrate","floor":7.0},{"not_picked":["FlyingSleeves","WreathOfFlame"],"picked":"SKIP","floor":10.0},{"not_picked":["MentalFortress"],"picked":"Adaptation","floor":11.0},{"not_picked":["FollowUp","EmptyBody"],"picked":"SKIP","floor":13.0},{"not_picked":["ConjureBlade","FlurryOfBlows"],"picked":"SKIP","floor":14.0},{"not_picked":["SpiritShield"],"picked":"Brilliance","floor":16.0},{"not_picked":["FollowUp"],"picked":"Halt","floor":18.0},{"not_picked":["Evaluate+1"],"picked":"FearNoEvil","floor":19.0},{"not_picked":["ThirdEye"],"picked":"Sanctity","floor":20.0}],"player_experience":896623,"relics_obtained":[{"floor":6.0,"key":"Question Card"},{"floor":9.0,"key":"Orichalcum"},{"floor":11.0,"key":"Vajra"}],"event_choices":[{"damage_healed":0.0,"max_hp_gain":0.0,"max_hp_loss":0.0,"gold_gain":0.0,"event_name":"Liars Game","player_choice":"Ignored","floor":4.0,"gold_loss":0.0,"damage_taken":0.0},{"damage_healed":0.0,"max_hp_gain":0.0,"max_hp_loss":0.0,"gold_gain":0.0,"cards_transformed":["Defend_P"],"event_name":"Living Wall","player_choice":"Change","floor":5.0,"gold_loss":0.0,"damage_taken":0.0,"cards_obtained":["SpiritShield"]},{"damage_healed":0.0,"max_hp_gain":0.0,"max_hp_loss":0.0,"gold_gain":0.0,"event_name":"Match and Keep!","player_choice":"4 cards matched","floor":8.0,"gold_loss":0.0,"damage_taken":0.0,"cards_obtained":["Regret","FlurryOfBlows","Wish","Parasite"]},{"damage_healed":0.0,"max_hp_gain":0.0,"max_hp_loss":0.0,"gold_gain":0.0,"event_name":"Ghosts","player_choice":"Ignored","floor":22.0,"gold_loss":0.0,"damage_taken":0.0},{"damage_healed":0.0,"max_hp_gain":0.0,"max_hp_loss":20.0,"gold_gain":0.0,"event_name":"Vampires","player_choice":"Became a vampire","floor":24.0,"gold_loss":0.0,"damage_taken":0.0,"cards_obtained":["Bite","Bite","Bite","Bite","Bite"]}],"is_beta":false,"boss_relics":[{"not_picked":["Runic Dome","Coffee Dripper"],"picked":"SacredBark"}],"items_purged_floors":[12,21],"is_endless":false,"potions_floor_spawned":[2,3,7,10,13,14,18,19],"killed_by":"Book of Stabbing","ascension_level":20}