{"gold_per_floor":[14,14,29,29,40,75,75,105,105,138,138,148,174,174,174,250,250,265,285,12,12,12,46,46,60,60,60,71,14,14,14,14,91,91,106,106,119,137,151,179,179,195,195,208,232,232,241,97,97,97,97],"floor_reached":52,"playtime":5665,"items_purged":["Parasite","Defend_P"],"score":2056,"play_id":"01fcc416-21aa-4e09-9b10-2b7ef37cebbf","local_time":"20231108214637","is_ascension_mode":true,"campfire_choices":[{"data":"BowlingBash","floor":7.0,"key":"SMITH"},{"data":"Scrawl","floor":11.0,"key":"SMITH"},{"data":"Defend_P","floor":15.0,"key":"PURGE"},{"floor":24.0,"key":"REST"},{"floor":27.0,"key":"REST"},{"data":"TalkToTheHand","floor":30.0,"key":"SMITH"},{"data":"Prostrate","floor":32.0,"key":"SMITH"},{"floor":41.0,"key":"REST"},{"floor":46,"key":"DIG"},{"floor":49,"key":"DIG"}],"neow_cost":"NO_GOLD","seed_source_timestamp":0,"circlet_count":0,"master_deck":["AscendersBane","Strike_P","Strike_P","Strike_P","Defend_P+1","Eruption+1","Vigilance","BowlingBash+1","CutThroughFate","ClearTheMind","Prostrate","Scrawl+1","Adaptation","Prostrate+1","WaveOfTheHand","EmptyMind","InnerPeace","Consecrate","TalkToTheHand+1","JustLucky","InnerPeace","Omniscience","Devotion","CurseOfTheBell","FlurryOfBlows","Prostrate","WheelKick","Wallop+1","TalkToTheHand+1","Wireheading","Flash of Steel+1"],"special_seed":0,"relics":["PureWater","War Paint","Yang","Mango","Mummified Hand","Peace Pipe","Bottled Tornado","SacredBark","Membership Card","Nilry\u0027s Codex","MealTicket","Pantograph","Calling Bell","Vajra","The Courier","Shovel","Molten Egg 2","HornCleat","Lantern","CeramicFish","ClockworkSouvenir","Centennial Puzzle"],"potions_floor_usage":[50,50],"damage_taken":[{"damage":0.0,"enemies":"Small Slimes","floor":1.0,"turns":2.0},{"damage":2.0,"enemies":"Jaw Worm","floor":3.0,"turns":3.0},{"damage":0.0,"enemies":"2 Louse","floor":5.0,"turns":1.0},{"damage":0.0,"enemies":"Lagavulin","floor":6.0,"turns":3.0},{"damage":4.0,"enemies":"3 Sentries","floor":8.0,"turns":6.0},{"damage":0.0,"enemies":"Gremlin Nob","floor":10.0,"turns":2.0},{"damage":0.0,"enemies":"2 Fungi Beasts","floor":12.0,"turns":1.0},{"damage":0.0,"enemies":"3 Sentries","floor":13.0,"turns":4.0},{"damage":0.0,"enemies":"Slime Boss","floor":16.0,"turns":6.0},{"damage":0.0,"enemies":"Spheric Guardian","floor":18.0,"turns":2.0},{"damage":0.0,"enemies":"Shell Parasite","floor":19.0,"turns":3.0},{"damage":53.0,"enemies":"Book of Stabbing","floor":23.0,"turns":8.0},{"damage":10.0,"enemies":"Snake Plant","floor":25.0,"turns":5.0},{"damage":2.0,"enemies":"Centurion and Healer","floor":28.0,"turns":6.0},{"damage":52.0,"enemies":"Collector","floor":33.0,"turns":10.0},{"damage":9.0,"enemies":"3 Shapes","floor":35.0,"turns":5.0},{"damage":8.0,"enemies":"Orb Walker","floor":37.0,"turns":4.0},{"damage":24.0,"enemies":"Maw","floor":38.0,"turns":6.0},{"damage":14.0,"enemies":"3 Darklings","floor":39.0,"turns":4.0},{"damage":0.0,"enemies":"Giant Head","floor":40.0,"turns":6.0},{"damage":0.0,"enemies":"Transient","floor":42.0,"turns":6.0},{"damage":2,"enemies":"Sphere and 2 Shapes","floor":44,"turns":3},{"damage":22,"enemies":"Awakened One","floor":50,"turns":15},{"damage":63,"enemies":"Donu and Deca","floor":51,"turns":10}],"seed_played":"861692671167568017","potions_obtained":[{"floor":1.0,"key":"Energy Potion"},{"floor":5.0,"key":"DuplicationPotion"},{"floor":6.0,"key":"StancePotion"},{"floor":12.0,"key":"Weak Potion"},{"floor":18.0,"key":"DistilledChaos"},{"floor":33.0,"key":"AttackPotion"},{"floor":35.0,"key":"DuplicationPotion"},{"floor":39.0,"key":"Weak Potion"},{"floor":44,"key":"Block Potion"}],"is_trial":false,"path_per_floor":["M","?","M","T","M","E","R","E","T","E","R","M","E","?","R","B",null,"M","M","$","?","?","E","R","M","T","R","M","$","R","?","R","B",null,"M","?","M","M","M","E","R","M","T","M","T","R","?","$","R","B","B",null],"character_chosen":"WATCHER","items_purchased":["Membership Card","InnerPeace","Consecrate","JustLucky","Swift Potion","Flash of Steel+1","ClockworkSouvenir"],"campfire_rested":3,"item_purchase_floors":[20,20,20,29,29,48,48],"current_hp_per_floor":[61,61,59,59,59,59,59,69,69,69,69,69,69,82,82,82,82,82,82,79,79,58,5,28,18,18,41,39,54,54,54,54,27,66,57,57,49,25,11,11,34,34,34,32,32,32,32,47,47,50,12],"gold":97,"neow_bonus":"RANDOM_COLORLESS_2","is_prod":false,"is_daily":false,"chose_seed":false,"campfire_upgraded":4,"win_rate":0,"timestamp":1699508797,"path_taken":["M","?","M","?","M","E","R","E","T","E","R","M","E","?","R","BOSS","M","M","$","?","?","E","R","M","T","R","M","$","R","?","R","BOSS","M","?","M","M","M","E","R","M","T","M","?","R","?","$","R","BOSS","BOSS"],"build_version":"2022-12-18","purchased_purges":2,"victory":true,"max_hp_per_floor":[68,68,68,68,68,68,68,82,82,82,82,82,82,82,82,82,82,82,82,79,79,79,79,79,79,79,79,79,79,79,79,79,79,79,79,79,79,79,79,79,79,79,79,79,79,79,79,79,79,79,79],"card_choices":[{"not_picked":["Thinking Ahead","Sadistic Nature"],"picked":"Violence","floor":0.0},{"not_picked":["EmptyBody","EmptyFist"],"picked":"BowlingBash","floor":1.0},{"not_picked":["Halt","Crescendo"],"picked":"CutThroughFate","floor":3.0},{"not_picked":["Swivel","Protect"],"picked":"ClearTheMind","floor":5.0},{"not_picked":["Vengeance","CrushJoints"],"picked":"Prostrate","floor":6.0},{"not_picked":["EmptyBody","Consecrate"],"picked":"Scrawl","floor":8.0},{"not_picked":["Consecrate","Weave"],"picked":"Adaptation","floor":10.0},{"not_picked":["Fasting2","Wallop"],"picked":"Prostrate","floor":12.0},{"not_picked":["FlyingSleeves","Perseverance","Evaluate"],"picked":"SKIP","floor":13.0},{"not_picked":["ClearTheMind","CrushJoints"],"picked":"WaveOfTheHand","floor":18.0},{"not_picked":["BowlingBash","DeceiveReality"],"picked":"EmptyMind","floor":19.0},{"not_picked":["CrushJoints","Nirvana"],"picked":"TalkToTheHand","floor":23.0},{"not_picked":["Sanctity","FollowUp","BattleHymn"],"picked":"SKIP","floor":25.0},{"not_picked":["Sanctity","FollowUp","BattleHymn"],"picked":"SKIP","floor":25.0},{"not_picked":["Conclude","FlyingSleeves+1","BowlingBash"],"picked":"SKIP","floor":28.0},{"not_picked":["Conclude","FlyingSleeves+1","BowlingBash"],"picked":"SKIP","floor":28.0},{"not_picked":["DevaForm","Establishment"],"picked":"Devotion","floor":33.0},{"not_picked":["CutThroughFate+1","Protect"],"picked":"FlurryOfBlows","floor":35.0},{"not_picked":["PathToVictory","Blasphemy"],"picked":"Prostrate","floor":37.0},{"not_picked":["Adaptation","EmptyMind"],"picked":"WheelKick","floor":38.0},{"not_picked":["Protect+1","DeceiveReality+1","EmptyBody"],"picked":"SKIP","floor":39.0},{"not_picked":["JustLucky+1","EmptyBody"],"picked":"Wallop+1","floor":40.0},{"not_picked":["CutThroughFate+1","EmptyBody"],"picked":"TalkToTheHand+1","floor":42.0},{"not_picked":["CrushJoints+1","CutThroughFate+1","Collect+1"],"picked":"SKIP","floor":44}],"player_experience":953319,"relics_obtained":[{"floor":4.0,"key":"War Paint"},{"floor":6.0,"key":"Yang"},{"floor":8.0,"key":"Mango"},{"floor":9.0,"key":"Mummified Hand"},{"floor":10.0,"key":"Peace Pipe"},{"floor":13.0,"key":"Bottled Tornado"},{"floor":22.0,"key":"Nilry\u0027s Codex"},{"floor":23.0,"key":"MealTicket"},{"floor":26.0,"key":"Pantograph"},{"floor":34.0,"key":"Vajra"},{"floor":34.0,"key":"The Courier"},{"floor":34.0,"key":"Shovel"},{"floor":40.0,"key":"Molten Egg 2"},{"floor":43.0,"key":"HornCleat"},{"floor":45,"key":"Lantern"},{"floor":46,"key":"CeramicFish"},{"floor":49,"key":"Centennial Puzzle"}],"event_choices":[{"damage_healed":0.0,"max_hp_gain":0.0,"max_hp_loss":0.0,"gold_gain":0.0,"event_name":"Living Wall","player_choice":"Grow","floor":2.0,"gold_loss":0.0,"damage_taken":0.0,"cards_upgraded":["Eruption"]},{"damage_healed":20.0,"max_hp_gain":0.0,"max_hp_loss":0.0,"gold_gain":0.0,"event_name":"Mushrooms","player_choice":"Healed and dodged fight","floor":14.0,"gold_loss":0.0,"damage_taken":0.0,"cards_obtained":["Parasite"]},{"damage_healed":0.0,"max_hp_gain":0.0,"max_hp_loss":0.0,"gold_gain":0.0,"event_name":"Vampires","player_choice":"Ignored","floor":21.0,"gold_loss":0.0,"damage_taken":0.0},{"damage_healed":0.0,"max_hp_gain":0.0,"max_hp_loss":0.0,"gold_gain":0.0,"event_name":"Cursed Tome","player_choice":"Obtained Book","floor":22.0,"gold_loss":0.0,"damage_taken":21.0},{"damage_healed":0.0,"max_hp_gain":0.0,"max_hp_loss":0.0,"gold_gain":0.0,"cards_transformed":["Strike_P","Defend_P"],"event_name":"Drug Dealer","player_choice":"Became Test Subject","floor":31.0,"gold_loss":0.0,"damage_taken":0.0,"cards_obtained":["InnerPeace","Omniscience"]},{"cards_removed":["Violence"],"damage_healed":0.0,"max_hp_gain":0.0,"max_hp_loss":0.0,"gold_gain":0.0,"event_name":"Falling","player_choice":"Removed Skill","floor":36.0,"gold_loss":0.0,"damage_taken":0.0},{"damage_healed":0,"gold_gain":0,"player_choice":"1 cards matched","damage_taken":0,"max_hp_gain":0,"max_hp_loss":0,"event_name":"Match and Keep!","floor":47,"gold_loss":0,"cards_obtained":["Wireheading"]}],"is_beta":false,"boss_relics":[{"not_picked":["Philosopher\u0027s Stone","Snecko Eye"],"picked":"SacredBark"},{"not_picked":["Runic Dome","Black Star"],"picked":"Calling Bell"}],"items_purged_floors":[20,48],"is_endless":false,"potions_floor_spawned":[1,5,6,12,18,33,35,39,44],"ascension_level":20}