{"gold_per_floor":[119,136,36,50,68,102,102,114,114,125,125,138,168,168,168,268,268,287,306,306,319,319,319,352,134,134,146,162,162,162,179,179,280,280,293,309,309],"floor_reached":37,"playtime":2900,"items_purged":["Strike_R","Cleave"],"score":802,"play_id":"2ae3336c-03c5-4b54-a1ae-e157c278f8d0","local_time":"20230220230125","is_ascension_mode":true,"campfire_choices":[{"floor":7.0,"key":"REST"},{"data":"Rampage","floor":11.0,"key":"SMITH"},{"floor":15.0,"key":"REST"},{"data":"Inflame","floor":23.0,"key":"SMITH"},{"floor":30.0,"key":"REST"},{"floor":32.0,"key":"REST"}],"neow_cost":"NONE","seed_source_timestamp":0,"circlet_count":0,"master_deck":["Defend_R","Defend_R","Defend_R","Defend_R","Bash","Inflame+1","Disarm","Shrug It Off","Twin Strike","Rampage+1","Whirlwind","Headbutt","Disarm","Heavy Blade","Bludgeon","Thunderclap+1","Battle Trance+1","Bite","Bite","Bite","Bite","Bite","Warcry","Power Through","Rage","Dual Wield","Forethought","Disarm+1","Pommel Strike+1","Inflame+1","Demon Form","CurseOfTheBell","Flame Barrier+1","Sword Boomerang"],"special_seed":0,"relics":["Burning Blood","Pear","Ancient Tea Set","Red Skull","Philosopher\u0027s Stone","Paper Frog","Gremlin Horn","Calling Bell","Bag of Preparation","Eternal Feather","Du-Vu Doll"],"potions_floor_usage":[],"damage_taken":[{"damage":1.0,"enemies":"2 Louse","floor":1.0,"turns":4.0},{"damage":9.0,"enemies":"Jaw Worm","floor":2.0,"turns":4.0},{"damage":0.0,"enemies":"Cultist","floor":4.0,"turns":3.0},{"damage":2.0,"enemies":"Blue Slaver","floor":5.0,"turns":5.0},{"damage":56.0,"enemies":"3 Sentries","floor":6.0,"turns":11.0},{"damage":9.0,"enemies":"Red Slaver","floor":8.0,"turns":5.0},{"damage":3.0,"enemies":"2 Fungi Beasts","floor":10.0,"turns":4.0},{"damage":16.0,"enemies":"Large Slime","floor":12.0,"turns":4.0},{"damage":26.0,"enemies":"Gremlin Nob","floor":13.0,"turns":4.0},{"damage":6.0,"enemies":"The Guardian","floor":16.0,"turns":13.0},{"damage":23.0,"enemies":"Shell Parasite","floor":18.0,"turns":7.0},{"damage":16.0,"enemies":"2 Thieves","floor":19.0,"turns":2.0},{"damage":32.0,"enemies":"Centurion and Healer","floor":21.0,"turns":7.0},{"damage":37.0,"enemies":"Book of Stabbing","floor":24.0,"turns":6.0},{"damage":21.0,"enemies":"Snake Plant","floor":27.0,"turns":3.0},{"damage":8.0,"enemies":"3 Cultists","floor":28.0,"turns":5.0},{"damage":21.0,"enemies":"Chosen and Byrds","floor":31.0,"turns":5.0},{"damage":79.0,"enemies":"Champ","floor":33.0,"turns":11.0},{"damage":50,"enemies":"3 Shapes","floor":35,"turns":10},{"damage":17,"enemies":"Orb Walker","floor":36,"turns":4},{"damage":20,"enemies":"Spire Growth","floor":37,"turns":3}],"seed_played":"3360558387505266945","potions_obtained":[{"floor":1.0,"key":"Dexterity Potion"},{"floor":6.0,"key":"BlessingOfTheForge"},{"floor":10.0,"key":"Regen Potion"},{"floor":13.0,"key":"AttackPotion"},{"floor":16.0,"key":"GamblersBrew"},{"floor":19.0,"key":"SpeedPotion"},{"floor":21.0,"key":"FearPotion"},{"floor":31.0,"key":"FairyPotion"},{"floor":36,"key":"CultistPotion"}],"is_trial":false,"path_per_floor":["M","M","$","M","M","E","R","M","T","M","R","M","E","?","R","B",null,"M","M","?","M","?","R","E","$","T","M","M","?","R","M","R","B",null,"M","M","M"],"character_chosen":"IRONCLAD","items_purchased":["Shrug It Off","Dual Wield","Forethought"],"campfire_rested":4,"item_purchase_floors":[3,25,25],"current_hp_per_floor":[77,74,74,80,80,40,67,64,64,67,67,57,49,42,69,69,85,68,58,58,48,48,48,31,31,31,18,26,26,44,39,57,30,54,16,13,0],"gold":309,"neow_bonus":"THREE_CARDS","is_prod":false,"is_daily":false,"chose_seed":false,"campfire_upgraded":2,"win_rate":0,"timestamp":1676962885,"path_taken":["M","M","$","M","M","E","R","M","T","M","R","M","E","?","R","BOSS","M","M","?","M","?","R","E","$","T","M","M","?","R","M","R","BOSS","M","?","M"],"build_version":"2022-12-18","purchased_purges":2,"victory":false,"max_hp_per_floor":[80,80,80,80,80,90,90,90,90,90,90,90,90,90,90,90,90,90,90,62,62,62,62,62,62,62,62,62,62,62,62,62,62,62,62,62,62],"card_choices":[{"not_picked":["Pummel","Iron Wave"],"picked":"True Grit","floor":0.0},{"not_picked":["Evolve","Clothesline"],"picked":"Inflame","floor":1.0},{"not_picked":["Hemokinesis","Headbutt"],"picked":"Disarm","floor":2.0},{"not_picked":["Clothesline","Dropkick"],"picked":"Twin Strike","floor":4.0},{"not_picked":["Wild Strike","Headbutt"],"picked":"Rampage","floor":5.0},{"not_picked":["Dark Embrace","Clothesline"],"picked":"Cleave","floor":6.0},{"not_picked":["Pommel Strike","Armaments"],"picked":"Whirlwind","floor":8.0},{"not_picked":["Dropkick","Clash"],"picked":"Headbutt","floor":10.0},{"not_picked":["Havoc","Anger"],"picked":"Disarm","floor":12.0},{"not_picked":["True Grit","Sever Soul"],"picked":"Heavy Blade","floor":13.0},{"not_picked":["Feed","Offering"],"picked":"Bludgeon","floor":16.0},{"not_picked":["Intimidate","Heavy Blade"],"picked":"Thunderclap+1","floor":18.0},{"not_picked":["Wild Strike","Clothesline+1"],"picked":"Battle Trance+1","floor":19.0},{"not_picked":["Metallicize","Power Through"],"picked":"Warcry","floor":21.0},{"not_picked":["Shrug It Off","Thunderclap"],"picked":"Rage","floor":24.0},{"not_picked":["Twin Strike","Perfected Strike"],"picked":"Disarm+1","floor":27.0},{"not_picked":["Rupture","Havoc"],"picked":"Pommel Strike+1","floor":28.0},{"not_picked":["Dark Embrace","Anger","Perfected Strike"],"picked":"SKIP","floor":31.0},{"not_picked":["Fiend Fire","Limit Break"],"picked":"Demon Form","floor":33.0},{"not_picked":["Second Wind+1","Pommel Strike"],"picked":"Flame Barrier+1","floor":35},{"not_picked":["Clash+1","Warcry+1"],"picked":"Sword Boomerang","floor":36}],"player_experience":581451,"relics_obtained":[{"floor":6.0,"key":"Pear"},{"floor":9.0,"key":"Ancient Tea Set"},{"floor":13.0,"key":"Red Skull"},{"floor":24.0,"key":"Paper Frog"},{"floor":26.0,"key":"Gremlin Horn"},{"floor":34,"key":"Bag of Preparation"},{"floor":34,"key":"Eternal Feather"},{"floor":34,"key":"Du-Vu Doll"}],"event_choices":[{"cards_removed":["Strike_R"],"damage_healed":0.0,"max_hp_gain":0.0,"max_hp_loss":0.0,"gold_gain":0.0,"event_name":"Golden Wing","player_choice":"Card Removal","floor":14.0,"gold_loss":0.0,"damage_taken":7.0},{"damage_healed":0.0,"max_hp_gain":0.0,"max_hp_loss":28.0,"gold_gain":0.0,"event_name":"Vampires","player_choice":"Became a vampire","floor":20.0,"gold_loss":0.0,"damage_taken":0.0,"cards_obtained":["Bite","Bite","Bite","Bite","Bite"]},{"damage_healed":0.0,"max_hp_gain":0.0,"max_hp_loss":0.0,"gold_gain":0.0,"event_name":"The Library","player_choice":"Read","floor":22.0,"gold_loss":0.0,"damage_taken":0.0,"cards_obtained":["Power Through"]},{"damage_healed":0.0,"max_hp_gain":0.0,"max_hp_loss":0.0,"gold_gain":0.0,"event_name":"Duplicator","player_choice":"Copied","floor":29.0,"gold_loss":0.0,"damage_taken":0.0,"cards_obtained":["Inflame"]}],"is_beta":false,"boss_relics":[{"not_picked":["Astrolabe","Runic Pyramid"],"picked":"Philosopher\u0027s Stone"},{"not_picked":["Empty Cage","Black Blood"],"picked":"Calling Bell"}],"items_purged_floors":[3,25],"is_endless":false,"potions_floor_spawned":[1,6,10,13,16,19,21,31,36],"killed_by":"Spire Growth","ascension_level":8}