{"gold_per_floor":[118,68,80,94,108,108,136,136,163,194,194,214,230,257,257,355,355,370,370,370,46,61,87,102,102,125,139,39,69,84,184,184,288,288,298,298,12,24,24,24,56,76,76,93,142,172,172,222,222,222],"floor_reached":51,"playtime":4474,"items_purged":["Strike_R","Defend_R","Strike_R"],"score":1123,"play_id":"132f0ed9-bb97-4a32-b570-76984d86baee","local_time":"20230301160651","is_ascension_mode":true,"campfire_choices":[{"data":"Carnage","floor":6.0,"key":"SMITH"},{"data":"True Grit","floor":8.0,"key":"SMITH"},{"data":"Sword Boomerang","floor":11.0,"key":"SMITH"},{"data":"Metallicize","floor":15.0,"key":"SMITH"},{"floor":25.0,"key":"RECALL"},{"floor":32,"key":"REST"},{"floor":40,"key":"REST"},{"floor":49,"key":"REST"}],"neow_cost":"NONE","seed_source_timestamp":0,"circlet_count":0,"master_deck":["Defend_R","Bash","Carnage+1","Shrug It Off","Seeing Red","Sword Boomerang+1","True Grit+1","Bloodletting","Metallicize+1","Reaper","Feed","Headbutt+1","Battle Trance","Flame Barrier","Berserk","Blood for Blood+1","Feel No Pain","Dark Embrace+1","Double Tap","Armaments","Demon Form","Body Slam","Feel No Pain","Enlightenment","Armaments","Burning Pact+1","Power Through+1"],"special_seed":0,"relics":["Burning Blood","Regal Pillow","Lantern","Akabeko","Ginger","Fusion Hammer","Singing Bowl","Blue Candle","Oddly Smooth Stone","Paper Frog","Torii","Letter Opener","Runic Cube","Mummified Hand","HornCleat","Magic Flower","Ancient Tea Set","Unceasing Top"],"potions_floor_usage":[33,41,50,50],"damage_taken":[{"damage":3.0,"enemies":"2 Louse","floor":1.0,"turns":4.0},{"damage":7.0,"enemies":"Small Slimes","floor":3.0,"turns":3.0},{"damage":0.0,"enemies":"Cultist","floor":4.0,"turns":2.0},{"damage":10.0,"enemies":"3 Louse","floor":5.0,"turns":3.0},{"damage":2.0,"enemies":"Gremlin Nob","floor":7.0,"turns":3.0},{"damage":27.0,"enemies":"3 Sentries","floor":10.0,"turns":10.0},{"damage":3.0,"enemies":"2 Fungi Beasts","floor":12.0,"turns":1.0},{"damage":0.0,"enemies":"Large Slime","floor":13.0,"turns":5.0},{"damage":10.0,"enemies":"Lagavulin","floor":14.0,"turns":5.0},{"damage":51.0,"enemies":"Hexaghost","floor":16.0,"turns":15.0},{"damage":18.0,"enemies":"Spheric Guardian","floor":18.0,"turns":5.0},{"damage":10.0,"enemies":"Shell Parasite","floor":22.0,"turns":6.0},{"damage":3.0,"enemies":"Gremlin Leader","floor":23.0,"turns":4.0},{"damage":15.0,"enemies":"Centurion and Healer","floor":24.0,"turns":7.0},{"damage":12.0,"enemies":"Snake Plant","floor":27.0,"turns":2.0},{"damage":42.0,"enemies":"Slavers","floor":29.0,"turns":7.0},{"damage":2.0,"enemies":"Cultist and Chosen","floor":30.0,"turns":8.0},{"damage":10,"enemies":"Colosseum Slavers","floor":31,"turns":5},{"damage":39,"enemies":"Colosseum Nobs","floor":31,"turns":4},{"damage":75,"enemies":"Champ","floor":33,"turns":13},{"damage":8,"enemies":"3 Shapes","floor":35,"turns":4},{"damage":25,"enemies":"Orb Walker","floor":38,"turns":4},{"damage":9,"enemies":"Giant Head","floor":41,"turns":6},{"damage":18,"enemies":"Writhing Mass","floor":42,"turns":5},{"damage":19,"enemies":"Spire Growth","floor":44,"turns":5},{"damage":28,"enemies":"2 Orb Walkers","floor":45,"turns":5},{"damage":10,"enemies":"Reptomancer","floor":46,"turns":5},{"damage":0,"enemies":"Mind Bloom Boss Battle","floor":48,"turns":5},{"damage":63,"enemies":"Time Eater","floor":50,"turns":9}],"seed_played":"-4775411886469880358","potions_obtained":[{"floor":5.0,"key":"SteroidPotion"},{"floor":7.0,"key":"GamblersBrew"},{"floor":10.0,"key":"SkillPotion"},{"floor":13.0,"key":"ElixirPotion"},{"floor":14.0,"key":"Block Potion"},{"floor":23.0,"key":"Strength Potion"},{"floor":27.0,"key":"Fruit Juice"},{"floor":29.0,"key":"LiquidBronze"},{"floor":31,"key":"FearPotion"},{"floor":44,"key":"BloodPotion"},{"floor":45,"key":"SkillPotion"},{"floor":48,"key":"BloodPotion"}],"is_trial":false,"path_per_floor":["M","$","M","M","M","R","E","R","T","E","R","M","M","E","R","B",null,"M","?","?","$","M","E","M","R","T","M","$","E","M","?","R","B",null,"M","?","$","M","?","R","E","M","T","M","?","E","?","?","R","B",null],"character_chosen":"IRONCLAD","items_purchased":["Shrug It Off","Singing Bowl","Feel No Pain","Enlightenment"],"campfire_rested":3,"item_purchase_floors":[2,21,37,37],"current_hp_per_floor":[75,75,74,80,76,76,80,80,80,59,59,62,68,64,64,31,68,63,63,63,63,62,86,85,85,85,87,87,70,81,70,107,38,90,110,110,110,104,104,110,110,100,100,102,82,81,81,97,124,124],"gold":222,"neow_bonus":"REMOVE_CARD","is_prod":false,"is_daily":false,"chose_seed":false,"campfire_upgraded":4,"win_rate":0,"timestamp":1677715611,"path_taken":["M","$","M","M","M","R","E","R","T","E","R","M","M","E","R","BOSS","M","?","?","$","M","E","M","R","T","M","$","E","M","?","R","BOSS","M","?","$","M","?","R","E","M","T","?","?","E","?","?","R","BOSS"],"build_version":"2022-12-18","purchased_purges":3,"victory":true,"max_hp_per_floor":[80,80,80,80,80,80,80,80,80,80,80,80,80,80,80,80,80,83,83,83,83,86,86,86,86,86,94,94,99,102,107,107,107,107,110,110,110,110,110,110,110,112,112,117,119,119,119,124,124,124],"card_choices":[{"not_picked":["Headbutt","Pummel"],"picked":"Carnage","floor":1.0},{"not_picked":["Whirlwind","Flame Barrier"],"picked":"Seeing Red","floor":3.0},{"not_picked":["Havoc","Wild Strike","Iron Wave"],"picked":"SKIP","floor":4.0},{"not_picked":["Havoc","Uppercut"],"picked":"Sword Boomerang","floor":5.0},{"not_picked":["Thunderclap","Clash"],"picked":"True Grit","floor":7.0},{"not_picked":["Clothesline","Rupture"],"picked":"Bloodletting","floor":10.0},{"not_picked":["Fiend Fire","Flame Barrier","Pommel Strike"],"picked":"SKIP","floor":12.0},{"not_picked":["True Grit","Clothesline"],"picked":"Metallicize","floor":13.0},{"not_picked":["Shrug It Off","Burning Pact"],"picked":"Reaper","floor":14.0},{"not_picked":["Corruption","Limit Break"],"picked":"Feed","floor":16.0},{"not_picked":["Anger","Body Slam"],"picked":"Headbutt+1","floor":18.0},{"not_picked":["Anger","Heavy Blade"],"picked":"Blood for Blood+1","floor":22.0},{"not_picked":["Hemokinesis","Headbutt"],"picked":"Feel No Pain","floor":23.0},{"not_picked":["Bloodletting+1","Pommel Strike"],"picked":"Dark Embrace+1","floor":24.0},{"not_picked":["True Grit","Evolve+1"],"picked":"Double Tap","floor":27.0},{"not_picked":["Hemokinesis","Wild Strike","Anger+1"],"picked":"Singing Bowl","floor":29.0},{"not_picked":["Wild Strike+1","Uppercut"],"picked":"Armaments","floor":30.0},{"not_picked":["Warcry","Heavy Blade","Dark Embrace"],"picked":"Singing Bowl","floor":31},{"not_picked":["Double Tap","Feed"],"picked":"Demon Form","floor":33},{"not_picked":["Sword Boomerang+1","Rampage"],"picked":"Body Slam","floor":35},{"not_picked":["Shrug It Off","Clothesline"],"picked":"Armaments","floor":38},{"not_picked":["Intimidate","Iron Wave"],"picked":"Burning Pact+1","floor":41},{"not_picked":["Pummel","Carnage","Ghostly Armor+1"],"picked":"Singing Bowl","floor":42},{"not_picked":["Sword Boomerang+1","Rage","Cleave"],"picked":"Singing Bowl","floor":44},{"not_picked":["Clash+1","Ghostly Armor","Perfected Strike"],"picked":"Singing Bowl","floor":45},{"not_picked":["Sever Soul+1","Sentinel"],"picked":"Power Through+1","floor":46},{"not_picked":["Searing Blow+1","Rampage","Clothesline+1"],"picked":"Singing Bowl","floor":48}],"player_experience":637335,"relics_obtained":[{"floor":7.0,"key":"Regal Pillow"},{"floor":9.0,"key":"Lantern"},{"floor":10.0,"key":"Akabeko"},{"floor":14.0,"key":"Ginger"},{"floor":23.0,"key":"Blue Candle"},{"floor":26.0,"key":"Oddly Smooth Stone"},{"floor":29.0,"key":"Paper Frog"},{"floor":31,"key":"Torii"},{"floor":31,"key":"Letter Opener"},{"floor":41,"key":"Mummified Hand"},{"floor":43,"key":"HornCleat"},{"floor":45,"key":"Magic Flower"},{"floor":46,"key":"Ancient Tea Set"},{"floor":48,"key":"Unceasing Top"}],"event_choices":[{"damage_healed":0.0,"max_hp_gain":0.0,"max_hp_loss":0.0,"gold_gain":0.0,"event_name":"The Library","player_choice":"Read","floor":19.0,"gold_loss":0.0,"damage_taken":0.0,"cards_obtained":["Battle Trance"]},{"damage_healed":0.0,"max_hp_gain":0.0,"max_hp_loss":0.0,"gold_gain":0.0,"cards_transformed":["Strike_R","Defend_R"],"event_name":"Drug Dealer","player_choice":"Became Test Subject","floor":20.0,"gold_loss":0.0,"damage_taken":0.0,"cards_obtained":["Flame Barrier","Berserk"]},{"damage_healed":0,"gold_gain":0,"player_choice":"Fight","damage_taken":0,"max_hp_gain":0,"max_hp_loss":0,"event_name":"Colosseum","floor":31,"gold_loss":0},{"damage_healed":0,"gold_gain":0,"player_choice":"Fought Nobs","damage_taken":0,"max_hp_gain":0,"max_hp_loss":0,"event_name":"Colosseum","floor":31,"gold_loss":0},{"damage_healed":0,"gold_gain":0,"player_choice":"Ignored","damage_taken":0,"max_hp_gain":0,"max_hp_loss":0,"event_name":"Tomb of Lord Red Mask","floor":36,"gold_loss":0},{"cards_removed":["Defend_R"],"damage_healed":0,"gold_gain":0,"player_choice":"Purged","damage_taken":0,"max_hp_gain":0,"max_hp_loss":0,"event_name":"Purifier","floor":39,"gold_loss":0},{"damage_healed":0,"gold_gain":0,"player_choice":"Fight","damage_taken":0,"max_hp_gain":0,"max_hp_loss":0,"event_name":"Mysterious Sphere","floor":45,"gold_loss":0},{"cards_removed":["Strike_R"],"damage_healed":0,"gold_gain":0,"player_choice":"Removed Attack","damage_taken":0,"max_hp_gain":0,"max_hp_loss":0,"event_name":"Falling","floor":47,"gold_loss":0},{"damage_healed":0,"gold_gain":0,"player_choice":"Fight","damage_taken":0,"max_hp_gain":0,"max_hp_loss":0,"event_name":"MindBloom","floor":48,"gold_loss":0}],"is_beta":false,"boss_relics":[{"not_picked":["Tiny House","Black Blood"],"picked":"Fusion Hammer"},{"not_picked":["Velvet Choker","Coffee Dripper"],"picked":"Runic Cube"}],"items_purged_floors":[21,28,37],"is_endless":false,"potions_floor_spawned":[5,7,10,13,14,23,27,29,31,31,44,45,48],"ascension_level":9}