{"gold_per_floor":[111,130,80,80,90,90,116,116,116,17,31,66,94,94,94,199,199,209,220,36,50,9,38,51,51,132,146,146,157,157],"floor_reached":30,"playtime":2297,"items_purged":["Strike_R"],"score":453,"play_id":"bb489977-9631-4cce-a888-23368d777884","local_time":"20230309142333","is_ascension_mode":true,"campfire_choices":[{"data":"Bash","floor":6.0,"key":"SMITH"},{"floor":8.0,"key":"REST"},{"floor":15.0,"key":"REST"},{"floor":25,"key":"REST"},{"floor":28,"key":"REST"}],"neow_cost":"NONE","seed_source_timestamp":0,"circlet_count":0,"master_deck":["AscendersBane","Strike_R+1","Defend_R+1","Defend_R","Defend_R","Bash+1","Shrug It Off","Sever Soul","Armaments","Ghostly Armor","Clothesline","Feed","Dropkick+1","Berserk+1","Intimidate+1","Anger+1","Feel No Pain","Burning Pact","Battle Trance","Pommel Strike+1","Body Slam+1","True Grit"],"special_seed":0,"relics":["Burning Blood","StrikeDummy","Singing Bowl","Potion Belt","Odd Mushroom","Astrolabe","Membership Card","Magic Flower","Pear"],"potions_floor_usage":[23,24,27,27],"damage_taken":[{"damage":7.0,"enemies":"Small Slimes","floor":1.0,"turns":4.0},{"damage":5.0,"enemies":"Jaw Worm","floor":2.0,"turns":6.0},{"damage":3.0,"enemies":"2 Louse","floor":5.0,"turns":5.0},{"damage":37.0,"enemies":"3 Sentries","floor":7.0,"turns":10.0},{"damage":0.0,"enemies":"Large Slime","floor":11.0,"turns":5.0},{"damage":15.0,"enemies":"Lagavulin","floor":12.0,"turns":7.0},{"damage":7.0,"enemies":"The Mushroom Lair","floor":13.0,"turns":6.0},{"damage":22.0,"enemies":"Slime Boss","floor":16.0,"turns":15.0},{"damage":0.0,"enemies":"Chosen","floor":18.0,"turns":8.0},{"damage":6,"enemies":"Shell Parasite","floor":19,"turns":10},{"damage":8,"enemies":"Centurion and Healer","floor":21,"turns":8},{"damage":60,"enemies":"Gremlin Leader","floor":23,"turns":9},{"damage":46,"enemies":"Snake Plant","floor":24,"turns":7},{"damage":59,"enemies":"Sentry and Sphere","floor":27,"turns":12},{"damage":64,"enemies":"3 Cultists","floor":29,"turns":8},{"damage":14,"enemies":"Centurion and Healer","floor":30,"turns":4}],"seed_played":"-238906309192047473","potions_obtained":[{"floor":2.0,"key":"AttackPotion"},{"floor":12.0,"key":"HeartOfIron"},{"floor":13.0,"key":"PowerPotion"},{"floor":14.0,"key":"Energy Potion"},{"floor":14.0,"key":"BloodPotion"},{"floor":14.0,"key":"Ancient Potion"},{"floor":19,"key":"LiquidBronze"},{"floor":24,"key":"SkillPotion"},{"floor":27,"key":"Fruit Juice"}],"is_trial":false,"path_per_floor":["M","M","?","?","M","R","E","R","T","$","M","E","?","?","R","B",null,"M","M","$","M","$","E","M","R","T","M","R","M","M"],"character_chosen":"IRONCLAD","items_purchased":["Armaments","Membership Card","Feel No Pain","Burning Pact"],"campfire_rested":4,"item_purchase_floors":[10,20,20,22],"current_hp_per_floor":[79,80,80,62,65,65,34,60,60,60,66,57,58,58,85,69,85,92,95,95,98,98,44,37,67,77,32,66,11,0],"gold":157,"neow_bonus":"TEN_PERCENT_HP_BONUS","is_prod":false,"is_daily":false,"chose_seed":false,"campfire_upgraded":1,"win_rate":0,"timestamp":1678400613,"path_taken":["M","M","?","?","M","R","E","R","T","?","M","E","?","?","R","BOSS","M","M","?","M","$","E","M","R","T","M","R","M","M"],"build_version":"2022-12-18","purchased_purges":1,"victory":false,"max_hp_per_floor":[88,88,88,88,88,88,88,88,88,88,88,88,90,90,90,90,90,92,95,95,100,100,100,100,100,110,115,115,115,115],"card_choices":[{"not_picked":["Warcry","Dual Wield","Clothesline"],"picked":"SKIP","floor":1.0},{"not_picked":["Pommel Strike","Dropkick"],"picked":"Shrug It Off","floor":2.0},{"not_picked":["Havoc","Armaments"],"picked":"Sever Soul","floor":5.0},{"not_picked":["Second Wind","Twin Strike","Reckless Charge"],"picked":"SKIP","floor":7.0},{"not_picked":["Shrug It Off","Wild Strike"],"picked":"Ghostly Armor","floor":11.0},{"not_picked":["Warcry","Impervious"],"picked":"Clothesline","floor":12.0},{"not_picked":["Dual Wield","Blood for Blood","Flex"],"picked":"Singing Bowl","floor":13.0},{"not_picked":["Impervious","Brutality"],"picked":"Feed","floor":16.0},{"not_picked":["Heavy Blade","True Grit+1","Warcry"],"picked":"Singing Bowl","floor":18.0},{"not_picked":["Heavy Blade","Twin Strike"],"picked":"Anger+1","floor":19},{"not_picked":["Iron Wave+1","Sword Boomerang","Blood for Blood"],"picked":"Singing Bowl","floor":21},{"not_picked":["Fire Breathing","True Grit"],"picked":"Battle Trance","floor":23},{"not_picked":["Headbutt","Anger"],"picked":"Pommel Strike+1","floor":24},{"not_picked":["Cleave","Heavy Blade+1"],"picked":"Body Slam+1","floor":27},{"not_picked":["Clash+1","Double Tap"],"picked":"True Grit","floor":29}],"player_experience":684952,"relics_obtained":[{"floor":7.0,"key":"StrikeDummy"},{"floor":9.0,"key":"Singing Bowl"},{"floor":12.0,"key":"Potion Belt"},{"floor":13.0,"key":"Odd Mushroom"},{"floor":23,"key":"Magic Flower"},{"floor":26,"key":"Pear"}],"event_choices":[{"cards_removed":["Strike_R"],"damage_healed":0.0,"max_hp_gain":0.0,"max_hp_loss":0.0,"gold_gain":0.0,"event_name":"The Cleric","player_choice":"Card Removal","floor":3.0,"gold_loss":50.0,"damage_taken":0.0},{"damage_healed":0.0,"max_hp_gain":0.0,"max_hp_loss":0.0,"gold_gain":0.0,"event_name":"Shining Light","player_choice":"Entered Light","floor":4.0,"gold_loss":0.0,"damage_taken":18.0,"cards_upgraded":["Defend_R","Strike_R"]},{"damage_healed":0.0,"max_hp_gain":0.0,"max_hp_loss":0.0,"gold_gain":0.0,"event_name":"Mushrooms","player_choice":"Fought Mushrooms","floor":13.0,"gold_loss":0.0,"damage_taken":0.0},{"damage_healed":0.0,"max_hp_gain":0.0,"max_hp_loss":0.0,"gold_gain":0.0,"event_name":"Lab","player_choice":"Got Potions","floor":14.0,"gold_loss":0.0,"damage_taken":0.0}],"is_beta":false,"boss_relics":[{"not_picked":["Snecko Eye","Runic Pyramid"],"picked":"Astrolabe"}],"items_purged_floors":[10],"is_endless":false,"potions_floor_spawned":[2,12,13,19,24,27],"killed_by":"Centurion and Healer","ascension_level":11}