{"gold_per_floor":[15,27,327,338,358,358,392,392,416,416,431,431,461,481,481,555,555,569,588,607,607,18,35,35,70,121,121],"floor_reached":27,"playtime":2152,"items_purged":["Strike_R"],"score":417,"play_id":"97f8fb39-5a90-4c2a-a82a-1a746e3b404b","local_time":"20230329132445","is_ascension_mode":true,"campfire_choices":[{"data":"Shockwave","floor":6.0,"key":"SMITH"},{"floor":12.0,"key":"REST"},{"data":"Perfected Strike","floor":15.0,"key":"SMITH"},{"data":"Evolve","floor":24.0,"key":"SMITH"}],"neow_cost":"NO_GOLD","seed_source_timestamp":0,"circlet_count":0,"master_deck":["AscendersBane","Strike_R","Strike_R","Strike_R+1","Defend_R","Defend_R","Defend_R","Bash","Headbutt","Iron Wave+1","Shockwave+1","Inflame","Cleave","Bludgeon","Power Through","Limit Break","Evolve+1","Secret Technique","Fiend Fire","Armaments","Iron Wave"],"special_seed":0,"relics":["Burning Blood","Old Coin","Boot","Vajra","Tiny Chest","Omamori","Coffee Dripper","Blood Vial","Anchor","Centennial Puzzle"],"potions_floor_usage":[25],"damage_taken":[{"damage":6.0,"enemies":"Cultist","floor":1.0,"turns":4.0},{"damage":19.0,"enemies":"Jaw Worm","floor":2.0,"turns":5.0},{"damage":2.0,"enemies":"Small Slimes","floor":4.0,"turns":4.0},{"damage":8.0,"enemies":"3 Louse","floor":5.0,"turns":5.0},{"damage":16.0,"enemies":"Gremlin Nob","floor":7.0,"turns":4.0},{"damage":10.0,"enemies":"Gremlin Gang","floor":11.0,"turns":4.0},{"damage":25.0,"enemies":"3 Sentries","floor":13.0,"turns":4.0},{"damage":3.0,"enemies":"Exordium Thugs","floor":14.0,"turns":5.0},{"damage":9.0,"enemies":"Hexaghost","floor":16.0,"turns":8.0},{"damage":28.0,"enemies":"2 Thieves","floor":18.0,"turns":4.0},{"damage":4.0,"enemies":"Spheric Guardian","floor":19.0,"turns":3.0},{"damage":1.0,"enemies":"Cultist and Chosen","floor":20.0,"turns":4.0},{"damage":17.0,"enemies":"Centurion and Healer","floor":23.0,"turns":5.0},{"damage":35,"enemies":"Book of Stabbing","floor":25,"turns":6},{"damage":18,"enemies":"Sentry and Sphere","floor":27,"turns":5}],"seed_played":"3721670005385938572","potions_obtained":[{"floor":7.0,"key":"BlessingOfTheForge"},{"floor":11.0,"key":"Weak Potion"},{"floor":14.0,"key":"BlessingOfTheForge"},{"floor":19.0,"key":"CultistPotion"},{"floor":23.0,"key":"DistilledChaos"}],"is_trial":false,"path_per_floor":["M","M","T","M","M","R","E","?","T","?","M","R","E","M","R","B",null,"M","M","M","?","$","M","R","E","T","M"],"character_chosen":"IRONCLAD","items_purchased":["Evolve","Secret Technique","Fiend Fire","Blood Vial"],"campfire_rested":1,"item_purchase_floors":[22,22,22,22],"current_hp_per_floor":[68,55,55,59,57,57,47,40,40,25,21,43,24,27,27,24,62,40,42,47,47,47,38,38,11,11,0],"gold":121,"neow_bonus":"REMOVE_TWO","is_prod":false,"is_daily":false,"chose_seed":false,"campfire_upgraded":3,"win_rate":0,"timestamp":1680121485,"path_taken":["M","M","?","M","M","R","E","?","T","?","M","R","E","M","R","BOSS","M","M","M","?","$","M","R","E","T","?"],"build_version":"2022-12-18","purchased_purges":1,"victory":false,"max_hp_per_floor":[75,75,75,75,75,75,75,75,75,75,75,75,75,75,75,75,75,75,75,75,75,75,75,75,75,75,75],"card_choices":[{"not_picked":["Thunderclap","Evolve"],"picked":"Headbutt","floor":1.0},{"not_picked":["Carnage","Thunderclap"],"picked":"Iron Wave","floor":2.0},{"not_picked":["Clothesline","Sentinel"],"picked":"Perfected Strike","floor":4.0},{"not_picked":["Iron Wave","Pommel Strike"],"picked":"Shockwave","floor":5.0},{"not_picked":["Pommel Strike","Fiend Fire"],"picked":"Inflame","floor":7.0},{"not_picked":["Havoc","Body Slam"],"picked":"Cleave","floor":11.0},{"not_picked":["Clash","Pommel Strike","Berserk"],"picked":"SKIP","floor":13.0},{"not_picked":["Intimidate","Inflame","Havoc"],"picked":"SKIP","floor":14.0},{"not_picked":["Intimidate","Inflame","Havoc"],"picked":"SKIP","floor":14.0},{"not_picked":["Intimidate","Inflame","Havoc"],"picked":"SKIP","floor":14.0},{"not_picked":["Barricade","Juggernaut"],"picked":"Bludgeon","floor":16.0},{"not_picked":["Rage","Flex","Headbutt"],"picked":"SKIP","floor":18.0},{"not_picked":["Blood for Blood","Reckless Charge","Headbutt+1"],"picked":"SKIP","floor":19.0},{"not_picked":["Wild Strike","Havoc"],"picked":"Power Through","floor":20.0},{"not_picked":["Flex+1","Headbutt"],"picked":"Armaments","floor":23.0},{"not_picked":["Sword Boomerang","Rampage"],"picked":"Iron Wave","floor":25}],"player_experience":779877,"relics_obtained":[{"floor":3.0,"key":"Old Coin"},{"floor":7.0,"key":"Boot"},{"floor":9.0,"key":"Tiny Chest"},{"floor":13.0,"key":"Omamori"},{"floor":25,"key":"Anchor"},{"floor":26,"key":"Centennial Puzzle"}],"event_choices":[{"damage_healed":0.0,"max_hp_gain":0.0,"max_hp_loss":0.0,"gold_gain":0.0,"event_name":"Scrap Ooze","player_choice":"Success","floor":8.0,"gold_loss":0.0,"damage_taken":7.0,"relics_obtained":["Vajra"]},{"damage_healed":0.0,"max_hp_gain":0.0,"max_hp_loss":0.0,"gold_gain":0.0,"event_name":"Shining Light","player_choice":"Entered Light","floor":10.0,"gold_loss":0.0,"damage_taken":15.0,"cards_upgraded":["Strike_R","Iron Wave"]},{"damage_healed":0.0,"max_hp_gain":0.0,"max_hp_loss":0.0,"gold_gain":0.0,"cards_transformed":["Perfected Strike"],"event_name":"Transmorgrifier","player_choice":"Transformed","floor":21.0,"gold_loss":0.0,"damage_taken":0.0,"cards_obtained":["Limit Break"]}],"is_beta":false,"boss_relics":[{"not_picked":["Black Blood","Mark of Pain"],"picked":"Coffee Dripper"}],"items_purged_floors":[22],"is_endless":false,"potions_floor_spawned":[7,11,14,19,23],"killed_by":"Sentry and Sphere","ascension_level":14}