{"gold_per_floor":[119,133,144,156,156,156,169,169,169,212,236,256,294,4,4,4],"floor_reached":16,"playtime":759,"items_purged":["Strike_R"],"score":222,"play_id":"5e1a6344-c96f-49f1-8ac2-c484fd464694","local_time":"20240319200105","is_ascension_mode":true,"campfire_choices":[{"data":"Pommel Strike","floor":6.0,"key":"SMITH"},{"data":"Pommel Strike","floor":8.0,"key":"SMITH"},{"floor":15,"key":"REST"}],"neow_cost":"NONE","seed_source_timestamp":0,"circlet_count":0,"master_deck":["AscendersBane","Strike_R","Strike_R","Strike_R","Strike_R","Defend_R","Defend_R","Defend_R","Defend_R","Bash+1","Pommel Strike+1","Shrug It Off","Pommel Strike+1","Dropkick","Thunderclap","Rampage","Fiend Fire","Feel No Pain","Dual Wield","True Grit"],"special_seed":0,"relics":["Burning Blood","Golden Idol","Nunchaku","MealTicket","Pear","Medical Kit"],"potions_floor_usage":[12,13],"damage_taken":[{"damage":2.0,"enemies":"Cultist","floor":1.0,"turns":4.0},{"damage":7.0,"enemies":"Small Slimes","floor":2.0,"turns":5.0},{"damage":0.0,"enemies":"2 Louse","floor":3.0,"turns":3.0},{"damage":6.0,"enemies":"2 Fungi Beasts","floor":4.0,"turns":5.0},{"damage":6.0,"enemies":"3 Louse","floor":7.0,"turns":5.0},{"damage":31.0,"enemies":"Gremlin Nob","floor":10.0,"turns":4.0},{"damage":8.0,"enemies":"Blue Slaver","floor":11.0,"turns":2.0},{"damage":6,"enemies":"Exordium Wildlife","floor":12,"turns":2},{"damage":19,"enemies":"Lagavulin","floor":13,"turns":7},{"damage":62,"enemies":"Slime Boss","floor":16,"turns":9}],"seed_played":"6923320897678891512","potions_obtained":[{"floor":10.0,"key":"Ancient Potion"},{"floor":11,"key":"SteroidPotion"},{"floor":12,"key":"EssenceOfSteel"}],"is_trial":false,"path_per_floor":["M","M","M","M","?","R","M","R","T","E","M","M","E","$","R","B"],"character_chosen":"IRONCLAD","items_purchased":["Medical Kit","True Grit"],"campfire_rested":1,"item_purchase_floors":[14,14],"current_hp_per_floor":[72,71,75,75,49,49,49,49,49,24,22,22,19,34,59,0],"gold":4,"neow_bonus":"UPGRADE_CARD","is_prod":false,"is_daily":false,"chose_seed":false,"campfire_upgraded":2,"win_rate":0,"timestamp":1710903665,"path_taken":["M","?","M","M","?","R","M","R","T","E","M","M","E","$","R","BOSS"],"build_version":"2022-12-18","purchased_purges":1,"victory":false,"max_hp_per_floor":[75,75,75,75,75,75,75,75,75,75,75,75,85,85,85,85],"card_choices":[{"not_picked":["Heavy Blade","Shrug It Off"],"picked":"Pommel Strike","floor":1.0},{"not_picked":["Battle Trance","Armaments"],"picked":"Shrug It Off","floor":2.0},{"not_picked":["Shrug It Off","Bloodletting"],"picked":"Pommel Strike","floor":3.0},{"not_picked":["Pommel Strike","Limit Break"],"picked":"Dropkick","floor":4.0},{"not_picked":["Clothesline","Warcry"],"picked":"Thunderclap","floor":7.0},{"not_picked":["Havoc","Dark Embrace"],"picked":"Rampage","floor":10.0},{"not_picked":["Combust","Thunderclap"],"picked":"Fiend Fire","floor":11},{"not_picked":["Anger","Flex"],"picked":"Feel No Pain","floor":12},{"not_picked":["Headbutt","Sword Boomerang"],"picked":"Dual Wield","floor":13}],"player_experience":1033926,"relics_obtained":[{"floor":9.0,"key":"Nunchaku"},{"floor":10.0,"key":"MealTicket"},{"floor":13,"key":"Pear"}],"event_choices":[{"damage_healed":0.0,"max_hp_gain":0.0,"max_hp_loss":0.0,"gold_gain":0.0,"event_name":"Golden Idol","player_choice":"Take Damage","floor":5.0,"gold_loss":0.0,"damage_taken":26.0,"relics_obtained":["Golden Idol"]}],"is_beta":false,"boss_relics":[],"items_purged_floors":[14],"is_endless":false,"potions_floor_spawned":[10,11,12],"killed_by":"Slime Boss","ascension_level":19}