{"gold_per_floor":[119,119,67,80,5,34,34,65,65,78,98,122,186,214,214,288,288,306,321,321,26,46,46,59,59,129,139,139,139,169,179,179,257,257,277,277,277,54,99,126,126,159,182,200,200,211,221,249,249,249,249],"floor_reached":52,"playtime":3056,"items_purged":["Strike_R","Strike_R+1"],"score":2031,"play_id":"49983165-2961-4138-8442-5d8e2063a98b","local_time":"20240324150655","is_ascension_mode":true,"campfire_choices":[{"data":"Carnage","floor":7.0,"key":"SMITH"},{"data":"Bash","floor":15.0,"key":"SMITH"},{"data":"Uppercut","floor":23.0,"key":"SMITH"},{"data":"Battle Trance","floor":25.0,"key":"SMITH"},{"floor":29.0,"key":"REST"},{"data":"Armaments","floor":32.0,"key":"SMITH"},{"data":"Shockwave","floor":41,"key":"SMITH"},{"data":"Enlightenment","floor":45,"key":"SMITH"},{"data":"True Grit","floor":49,"key":"SMITH"}],"neow_cost":"NONE","seed_source_timestamp":0,"circlet_count":0,"master_deck":["AscendersBane","Strike_R+1","Strike_R+1","Defend_R+1","Defend_R+1","Defend_R+1","Defend_R+1","Carnage+1","Shrug It Off","Pommel Strike","Twin Strike","Thunderclap","Battle Trance+1","Corruption","Entrench","Uppercut+1","Pommel Strike","Armaments+1","Impervious","Master of Strategy","Enlightenment+1","Shockwave+1","Entrench","Flame Barrier","Impervious","Parasite","True Grit+1"],"special_seed":0,"relics":["Burning Blood","NeowsBlessing","Paper Frog","Ornamental Fan","Toy Ornithopter","PreservedInsect","Singing Bowl","Snecko Eye","Membership Card","Regal Pillow","StrikeDummy","Nilry\u0027s Codex","Red Skull","SacredBark","Shuriken","Gambling Chip","Bag of Marbles","Lizard Tail","Orichalcum","Akabeko"],"potions_floor_usage":[33,46,51],"damage_taken":[{"damage":0.0,"enemies":"Cultist","floor":1.0,"turns":1.0},{"damage":0.0,"enemies":"Jaw Worm","floor":4.0,"turns":1.0},{"damage":0.0,"enemies":"3 Sentries","floor":6.0,"turns":2.0},{"damage":17.0,"enemies":"Lagavulin","floor":8.0,"turns":5.0},{"damage":0.0,"enemies":"2 Louse","floor":10.0,"turns":2.0},{"damage":18.0,"enemies":"Large Slime","floor":11.0,"turns":6.0},{"damage":4.0,"enemies":"Gremlin Nob","floor":14.0,"turns":3.0},{"damage":53.0,"enemies":"The Guardian","floor":16.0,"turns":11.0},{"damage":29.0,"enemies":"2 Thieves","floor":18.0,"turns":3.0},{"damage":3.0,"enemies":"Spheric Guardian","floor":19.0,"turns":4.0},{"damage":7.0,"enemies":"Shelled Parasite and Fungi","floor":22.0,"turns":4.0},{"damage":0.0,"enemies":"Centurion and Healer","floor":24.0,"turns":3.0},{"damage":5.0,"enemies":"Snecko","floor":27.0,"turns":5.0},{"damage":1.0,"enemies":"Gremlin Leader","floor":30.0,"turns":4.0},{"damage":12.0,"enemies":"Snake Plant","floor":31.0,"turns":4.0},{"damage":50,"enemies":"Collector","floor":33,"turns":7},{"damage":5,"enemies":"3 Shapes","floor":35,"turns":5},{"damage":24,"enemies":"2 Orb Walkers","floor":39,"turns":4},{"damage":0,"enemies":"Reptomancer","floor":40,"turns":2},{"damage":2,"enemies":"Giant Head","floor":42,"turns":5},{"damage":0,"enemies":"Orb Walker","floor":44,"turns":3},{"damage":0,"enemies":"Transient","floor":46,"turns":6},{"damage":0,"enemies":"Writhing Mass","floor":47,"turns":4},{"damage":0,"enemies":"Nemesis","floor":48,"turns":5},{"damage":75,"enemies":"Donu and Deca","floor":50,"turns":10},{"damage":25,"enemies":"Awakened One","floor":51,"turns":9}],"seed_played":"-3428231060650435125","potions_obtained":[{"floor":4.0,"key":"CultistPotion"},{"floor":8.0,"key":"Strength Potion"},{"floor":11.0,"key":"Weak Potion"},{"floor":14.0,"key":"DuplicationPotion"},{"floor":16.0,"key":"SteroidPotion"},{"floor":22.0,"key":"Block Potion"},{"floor":31.0,"key":"LiquidBronze"},{"floor":40,"key":"Dexterity Potion"},{"floor":46,"key":"SteroidPotion"}],"is_trial":false,"path_per_floor":["M","?","$","M","$","E","R","E","T","M","M","T","?","E","R","B",null,"M","M","?","$","M","R","M","R","T","M","?","R","E","M","R","B",null,"M","?","?","$","?","E","R","E","T","M","R","M","M","E","R","B","B",null],"character_chosen":"IRONCLAD","items_purchased":["Shrug It Off","Membership Card","Uppercut","Regal Pillow","Shuriken","Fire Potion"],"campfire_rested":1,"item_purchase_floors":[3,21,21,21,38,38],"current_hp_per_floor":[74,74,74,75,75,75,75,64,64,70,58,58,58,62,62,20,63,40,45,45,45,51,51,59,59,59,60,39,78,85,79,79,40,74,77,67,67,67,51,57,57,61,61,67,67,78,86,91,91,22,8],"gold":249,"neow_bonus":"THREE_ENEMY_KILL","is_prod":false,"is_daily":false,"chose_seed":false,"campfire_upgraded":8,"win_rate":0,"timestamp":1711318015,"path_taken":["M","?","?","M","$","E","R","E","T","M","M","?","?","E","R","BOSS","BOSS","M","M","?","$","M","R","M","R","T","M","?","R","E","M","R","BOSS","M","?","?","?","?","E","R","E","T","M","R","M","M","E","R","BOSS","BOSS"],"build_version":"2022-12-18","purchased_purges":2,"victory":true,"max_hp_per_floor":[75,75,75,75,75,75,75,75,75,75,75,75,75,77,77,77,77,77,79,79,79,81,81,83,83,83,83,83,83,85,85,85,85,85,87,87,87,87,89,89,89,89,89,89,89,89,91,91,91,91,91],"card_choices":[{"not_picked":["Flex","Dropkick"],"picked":"Carnage","floor":1.0},{"not_picked":["Clash","Metallicize"],"picked":"Pommel Strike","floor":4.0},{"not_picked":["True Grit","Evolve"],"picked":"Twin Strike","floor":6.0},{"not_picked":["Combust","Heavy Blade","Havoc"],"picked":"SKIP","floor":8.0},{"not_picked":["Evolve","Havoc"],"picked":"Thunderclap","floor":10.0},{"not_picked":["Wild Strike","Twin Strike"],"picked":"Battle Trance","floor":11.0},{"not_picked":["Power Through","Cleave","Searing Blow"],"picked":"Singing Bowl","floor":14.0},{"not_picked":["Limit Break","Immolate"],"picked":"Corruption","floor":16.0},{"not_picked":["Body Slam","Dropkick+1"],"picked":"Entrench","floor":18.0},{"not_picked":["Clash","Wild Strike","Spot Weakness"],"picked":"Singing Bowl","floor":19.0},{"not_picked":["Cleave","Clash","Reckless Charge"],"picked":"Singing Bowl","floor":22.0},{"not_picked":["Armaments","Clash","Heavy Blade"],"picked":"Singing Bowl","floor":24.0},{"not_picked":["Clash","Sword Boomerang"],"picked":"Pommel Strike","floor":27.0},{"not_picked":["Clothesline","Rampage","Twin Strike"],"picked":"Singing Bowl","floor":30.0},{"not_picked":["Flex","Pummel+1"],"picked":"Armaments","floor":31.0},{"not_picked":["Fiend Fire","Demon Form"],"picked":"Impervious","floor":33},{"not_picked":["Warcry","Searing Blow","Fire Breathing"],"picked":"Singing Bowl","floor":35},{"not_picked":["Secret Weapon","Impatience"],"picked":"Master of Strategy","floor":36},{"not_picked":["Secret Technique","Trip"],"picked":"Enlightenment","floor":36},{"not_picked":["Body Slam+1","Rage","Clothesline"],"picked":"Singing Bowl","floor":39},{"not_picked":["Entrench","Iron Wave+1"],"picked":"Shockwave","floor":40},{"not_picked":["Wild Strike","Perfected Strike"],"picked":"Entrench","floor":42},{"not_picked":["Twin Strike","Wild Strike"],"picked":"Flame Barrier","floor":44},{"not_picked":["Body Slam","Pummel"],"picked":"Impervious","floor":46},{"not_picked":["Intimidate","Headbutt+1","Armaments"],"picked":"Singing Bowl","floor":47},{"not_picked":["Anger","Clothesline"],"picked":"True Grit","floor":48}],"player_experience":1038656,"relics_obtained":[{"floor":6.0,"key":"Paper Frog"},{"floor":8.0,"key":"Ornamental Fan"},{"floor":9.0,"key":"Toy Ornithopter"},{"floor":12.0,"key":"PreservedInsect"},{"floor":14.0,"key":"Singing Bowl"},{"floor":26.0,"key":"StrikeDummy"},{"floor":28.0,"key":"Nilry\u0027s Codex"},{"floor":30.0,"key":"Red Skull"},{"floor":39,"key":"Gambling Chip"},{"floor":40,"key":"Bag of Marbles"},{"floor":42,"key":"Lizard Tail"},{"floor":43,"key":"Orichalcum"},{"floor":48,"key":"Akabeko"}],"event_choices":[{"cards_removed":["Strike_R"],"damage_healed":0.0,"max_hp_gain":0.0,"max_hp_loss":0.0,"gold_gain":0.0,"event_name":"Bonfire Elementals","player_choice":"Offered Basic","floor":2.0,"gold_loss":0.0,"damage_taken":0.0},{"damage_healed":0.0,"max_hp_gain":0.0,"max_hp_loss":0.0,"gold_gain":64.0,"event_name":"Golden Wing","player_choice":"Gained Gold","floor":13.0,"gold_loss":0.0,"damage_taken":0.0},{"damage_healed":0.0,"max_hp_gain":0.0,"max_hp_loss":0.0,"gold_gain":0.0,"event_name":"Back to Basics","player_choice":"Simplicity","floor":20.0,"gold_loss":0.0,"damage_taken":0.0,"cards_upgraded":["Strike_R","Strike_R","Strike_R","Defend_R","Defend_R","Defend_R","Defend_R"]},{"damage_healed":0.0,"max_hp_gain":0.0,"max_hp_loss":0.0,"gold_gain":0.0,"event_name":"Cursed Tome","player_choice":"Obtained Book","floor":28.0,"gold_loss":0.0,"damage_taken":21.0},{"damage_healed":0,"gold_gain":0,"player_choice":"Memory 3","damage_taken":10,"max_hp_gain":0,"max_hp_loss":0,"event_name":"SensoryStone","floor":36,"gold_loss":0},{"cards_removed":["Bash"],"damage_healed":0,"gold_gain":0,"player_choice":"Removed Attack","damage_taken":0,"max_hp_gain":0,"max_hp_loss":0,"event_name":"Falling","floor":37,"gold_loss":0},{"damage_healed":0,"gold_gain":0,"player_choice":"Fight","damage_taken":0,"max_hp_gain":0,"max_hp_loss":0,"event_name":"Mysterious Sphere","floor":39,"gold_loss":0}],"is_beta":false,"boss_relics":[{"not_picked":["Ectoplasm","Calling Bell"],"picked":"Snecko Eye"},{"not_picked":["Black Blood","Black Star"],"picked":"SacredBark"}],"items_purged_floors":[5,38],"is_endless":false,"potions_floor_spawned":[4,8,11,14,16,18,22,31,40,46,47],"ascension_level":20}