{"gold_per_floor":[110,120,120,132,82,112,112,112,112,146,160,179,210,234,234,358,358,382,151,172,215,215,253,42,42,42,78,96,111,138,181,181,300,300,315,648,187,232,251,277,289,312,324,362,88,88,88,108,108,108,108,108,30,60,60],"floor_reached":56,"playtime":4893,"items_purged":["Strike_R","Strike_R","Strike_R"],"score":1513,"play_id":"ffc9b145-e663-42b3-a27a-cf53a0f84825","local_time":"20240407173517","is_ascension_mode":true,"campfire_choices":[{"data":"Inflame","floor":7.0,"key":"SMITH"},{"data":"Second Wind","floor":15.0,"key":"SMITH"},{"data":"Dark Embrace","floor":25,"key":"SMITH"},{"floor":32,"key":"REST"},{"data":"Pommel Strike","floor":41,"key":"SMITH"},{"data":"Barricade","floor":46,"key":"SMITH"},{"floor":49,"key":"RECALL"},{"data":"Bash","floor":52,"key":"SMITH"}],"neow_cost":"TEN_PERCENT_HP_LOSS","seed_source_timestamp":771999282114400,"circlet_count":0,"master_deck":["Strike_R","Strike_R","Defend_R","Defend_R","Defend_R","Bash+1","Inflame+1","Second Wind+1","Shrug It Off","Shrug It Off+1","Flex+1","Iron Wave","Hemokinesis","Headbutt","Offering+1","Feed","Burning Pact+1","Rupture+1","Armaments+1","True Grit+1","Twin Strike+1","Disarm+1","Exhume+1","Dark Embrace+1","Bloodletting+1","Warcry+1","Pommel Strike+1","Reaper","Secret Weapon+1","Warcry+1","Warcry+1","Spot Weakness+1","Flame Barrier+1","Shockwave+1","Sentinel+1","Barricade+1","Feel No Pain"],"special_seed":0,"relics":["Burning Blood","Charon\u0027s Ashes","Toxic Egg 2","Orichalcum","Anchor","InkBottle","SlaversCollar","Orrery","Red Mask","WingedGreaves","Gremlin Horn","Lantern","Bag of Preparation","Gambling Chip","Runic Cube","Medical Kit","StoneCalendar","MawBank","Bag of Marbles","Paper Frog","Ice Cream"],"potions_floor_usage":[21,27,33,33,50,55,55],"damage_taken":[{"damage":4.0,"enemies":"2 Louse","floor":1.0,"turns":3.0},{"damage":4.0,"enemies":"Jaw Worm","floor":2.0,"turns":5.0},{"damage":3.0,"enemies":"Small Slimes","floor":4.0,"turns":4.0},{"damage":25.0,"enemies":"Lagavulin","floor":6.0,"turns":7.0},{"damage":8.0,"enemies":"3 Sentries","floor":10.0,"turns":7.0},{"damage":3.0,"enemies":"Red Slaver","floor":11.0,"turns":4.0},{"damage":0.0,"enemies":"Exordium Thugs","floor":12.0,"turns":4.0},{"damage":18.0,"enemies":"Lagavulin","floor":13.0,"turns":6.0},{"damage":4.0,"enemies":"2 Fungi Beasts","floor":14.0,"turns":3.0},{"damage":8.0,"enemies":"Slime Boss","floor":16.0,"turns":6.0},{"damage":8.0,"enemies":"Chosen","floor":18.0,"turns":4.0},{"damage":8,"enemies":"3 Byrds","floor":20,"turns":6},{"damage":10,"enemies":"Masked Bandits","floor":21,"turns":3},{"damage":10,"enemies":"Slavers","floor":23,"turns":6},{"damage":12,"enemies":"Book of Stabbing","floor":27,"turns":5},{"damage":6,"enemies":"Centurion and Healer","floor":28,"turns":4},{"damage":11,"enemies":"Shelled Parasite and Fungi","floor":29,"turns":6},{"damage":9,"enemies":"Gremlin Leader","floor":31,"turns":5},{"damage":38,"enemies":"Collector","floor":33,"turns":9},{"damage":12,"enemies":"Orb Walker","floor":35,"turns":2},{"damage":26,"enemies":"2 Orb Walkers","floor":38,"turns":5},{"damage":14,"enemies":"3 Darklings","floor":39,"turns":4},{"damage":29,"enemies":"Giant Head","floor":40,"turns":7},{"damage":11,"enemies":"Writhing Mass","floor":42,"turns":7},{"damage":13,"enemies":"Reptomancer","floor":44,"turns":4},{"damage":14,"enemies":"Jaw Worm Horde","floor":48,"turns":4},{"damage":31,"enemies":"Time Eater","floor":50,"turns":12},{"damage":9,"enemies":"Shield and Spear","floor":54,"turns":6},{"damage":75,"enemies":"The Heart","floor":55,"turns":9}],"seed_played":"-1784872482386181110","potions_obtained":[{"floor":1.0,"key":"Energy Potion"},{"floor":2.0,"key":"SteroidPotion"},{"floor":4.0,"key":"SmokeBomb"},{"floor":11.0,"key":"LiquidMemories"},{"floor":16.0,"key":"Swift Potion"},{"floor":18.0,"key":"Dexterity Potion"},{"floor":28,"key":"GamblersBrew"},{"floor":31,"key":"BlessingOfTheForge"},{"floor":33,"key":"Weak Potion"},{"floor":35,"key":"PowerPotion"},{"floor":42,"key":"Ancient Potion"},{"floor":54,"key":"FearPotion"}],"is_trial":false,"path_per_floor":["M","M","?","M","?","E","R","?","T","E","M","M","E","M","R","B",null,"M","$","M","?","?","E","$","R","T","E","M","M","T","E","R","B",null,"M","?","$","?","M","E","R","M","T","E","$","R","T","M","R","B",null,"R","$","E","B",null],"character_chosen":"IRONCLAD","items_purchased":["Orrery","Dark Embrace","Bloodletting+1","Warcry+1","Medical Kit","Secret Weapon+1","Warcry+1","Barricade","Feel No Pain"],"campfire_rested":1,"item_purchase_floors":[19,24,24,24,37,37,37,45,53],"current_hp_per_floor":[72,72,77,77,77,58,58,58,58,56,59,65,53,55,55,53,71,72,72,74,70,70,69,69,69,69,66,69,68,68,69,95,67,99,103,103,103,89,112,93,93,88,88,113,113,113,113,120,120,95,120,120,120,126,89],"gold":60,"neow_bonus":"ONE_RARE_RELIC","is_prod":false,"is_daily":false,"chose_seed":false,"campfire_upgraded":6,"win_rate":0,"timestamp":1712536517,"path_taken":["M","M","?","M","?","E","R","?","T","E","M","M","E","M","R","BOSS","M","$","M","?","?","E","$","R","T","E","M","?","?","E","R","BOSS","M","?","$","?","M","E","R","M","T","E","$","R","?","M","R","BOSS","R","$","E","BOSS"],"build_version":"2022-12-18","purchased_purges":3,"victory":true,"max_hp_per_floor":[72,72,77,77,77,77,77,71,71,71,71,71,71,71,71,71,71,74,74,78,78,78,81,81,81,81,84,87,91,91,95,95,99,99,103,103,103,109,113,117,117,117,117,117,117,117,117,120,120,120,120,120,120,126,126],"card_choices":[{"not_picked":["Blood for Blood","Twin Strike"],"picked":"Inflame","floor":1.0},{"not_picked":["Body Slam","Flame Barrier"],"picked":"Second Wind","floor":2.0},{"not_picked":["Combust","Iron Wave"],"picked":"Shrug It Off","floor":4.0},{"not_picked":["Hemokinesis","Entrench+1"],"picked":"Shrug It Off+1","floor":6.0},{"not_picked":["Shrug It Off+1","Spot Weakness+1"],"picked":"Flex+1","floor":10.0},{"not_picked":["Burning Pact+1","Combust"],"picked":"Iron Wave","floor":11.0},{"not_picked":["Burning Pact+1","Disarm+1"],"picked":"Hemokinesis","floor":12.0},{"not_picked":["Carnage","Anger"],"picked":"Headbutt","floor":13.0},{"not_picked":["Evolve","Rampage"],"picked":"Offering+1","floor":14.0},{"not_picked":["Berserk","Impervious+1"],"picked":"Feed","floor":16.0},{"not_picked":["Sword Boomerang","Thunderclap"],"picked":"Burning Pact+1","floor":18.0},{"not_picked":["Headbutt","Infernal Blade+1"],"picked":"Rupture","floor":19},{"not_picked":["Warcry+1","Immolate"],"picked":"Armaments+1","floor":19},{"not_picked":["Pommel Strike+1","Inflame"],"picked":"True Grit+1","floor":19},{"not_picked":["Inflame","Thunderclap"],"picked":"Twin Strike+1","floor":19},{"not_picked":["Clothesline+1","Headbutt","Second Wind+1"],"picked":"SKIP","floor":20},{"not_picked":["Iron Wave","Perfected Strike"],"picked":"Disarm+1","floor":21},{"not_picked":["Intimidate+1","Evolve"],"picked":"Exhume+1","floor":23},{"not_picked":["Sword Boomerang","Inflame","True Grit+1"],"picked":"SKIP","floor":27},{"not_picked":["Bloodletting+1","Battle Trance+1","Sword Boomerang+1"],"picked":"SKIP","floor":28},{"not_picked":["Sever Soul+1","Spot Weakness+1"],"picked":"Pommel Strike","floor":29},{"not_picked":["Sword Boomerang+1","Rampage","Anger"],"picked":"SKIP","floor":31},{"not_picked":["Feed","Fiend Fire"],"picked":"Reaper","floor":33},{"not_picked":["Iron Wave+1","Clothesline","Headbutt+1"],"picked":"SKIP","floor":35},{"not_picked":["Searing Blow+1","Body Slam+1"],"picked":"Warcry+1","floor":38},{"not_picked":["Headbutt+1","Perfected Strike+1"],"picked":"Spot Weakness+1","floor":39},{"not_picked":["Dropkick","Flex+1"],"picked":"Flame Barrier+1","floor":40},{"not_picked":["Combust+1","Anger"],"picked":"Shockwave+1","floor":42},{"not_picked":["Sever Soul","Havoc+1"],"picked":"Sentinel+1","floor":44},{"not_picked":["Reckless Charge+1","Combust","Wild Strike+1"],"picked":"SKIP","floor":48},{"not_picked":["Heavy Blade+1","Armaments+1","Twin Strike"],"picked":"SKIP","floor":54}],"player_experience":1084777,"relics_obtained":[{"floor":6.0,"key":"Toxic Egg 2"},{"floor":9.0,"key":"Orichalcum"},{"floor":10.0,"key":"Anchor"},{"floor":13.0,"key":"InkBottle"},{"floor":21,"key":"Red Mask"},{"floor":23,"key":"WingedGreaves"},{"floor":26,"key":"Gremlin Horn"},{"floor":27,"key":"Lantern"},{"floor":30,"key":"Bag of Preparation"},{"floor":31,"key":"Gambling Chip"},{"floor":38,"key":"StoneCalendar"},{"floor":40,"key":"MawBank"},{"floor":44,"key":"Bag of Marbles"},{"floor":47,"key":"Paper Frog"},{"floor":54,"key":"Ice Cream"}],"event_choices":[{"damage_healed":0.0,"max_hp_gain":5.0,"max_hp_loss":0.0,"gold_gain":0.0,"event_name":"Big Fish","player_choice":"Donut","floor":3.0,"gold_loss":0.0,"damage_taken":0.0},{"cards_removed":["Defend_R"],"damage_healed":0.0,"max_hp_gain":0.0,"max_hp_loss":0.0,"gold_gain":0.0,"event_name":"The Cleric","player_choice":"Card Removal","floor":5.0,"gold_loss":50.0,"damage_taken":0.0},{"damage_healed":0.0,"max_hp_gain":0.0,"max_hp_loss":6.0,"gold_gain":0.0,"event_name":"Golden Idol","player_choice":"Lose Max HP","floor":8.0,"gold_loss":0.0,"damage_taken":0.0,"relics_obtained":["Golden Idol"]},{"damage_healed":0,"gold_gain":0,"player_choice":"Fought Bandits","damage_taken":0,"max_hp_gain":0,"max_hp_loss":0,"event_name":"Masked Bandits","floor":21,"gold_loss":0},{"damage_healed":0,"gold_gain":0,"player_choice":"Upgraded","damage_taken":0,"max_hp_gain":0,"max_hp_loss":0,"event_name":"Upgrade Shrine","floor":22,"gold_loss":0,"cards_upgraded":["Rupture"]},{"damage_healed":0,"gold_gain":333,"player_choice":"Gave Idol","damage_taken":0,"max_hp_gain":0,"max_hp_loss":0,"event_name":"The Moai Head","floor":36,"relics_lost":["Golden Idol"],"gold_loss":0},{"damage_healed":0,"gold_gain":0,"player_choice":"Fight","damage_taken":0,"max_hp_gain":0,"max_hp_loss":0,"event_name":"Mysterious Sphere","floor":38,"gold_loss":0}],"is_beta":false,"boss_relics":[{"not_picked":["Empty Cage","Calling Bell"],"picked":"SlaversCollar"},{"not_picked":["Cursed Key","Black Blood"],"picked":"Runic Cube"}],"items_purged_floors":[19,37,45],"is_endless":false,"potions_floor_spawned":[1,2,4,11,16,18,28,31,33,35,39,42,54],"ascension_level":1}