{"gold_per_floor":[114,16,16,33,47,81,81,114,139,169,69,85,105,117,117,222,222,242,253,264,264,278,278,304,324,350,377,377,412,423,441,441,539,539,558,558,572,585,603,603,631,631,658,658,693,713,170,170,170,170,170,170,15,47,47],"floor_reached":56,"playtime":4021,"items_purged":["Writhe","Strike_R","Decay"],"score":1343,"play_id":"34388b48-b160-4bc3-a4e6-d047e41b5716","local_time":"20240520181833","is_ascension_mode":true,"campfire_choices":[{"data":"Shockwave","floor":7.0,"key":"SMITH"},{"data":"Bash","floor":15.0,"key":"SMITH"},{"data":"Iron Wave","floor":23.0,"key":"SMITH"},{"floor":28.0,"key":"REST"},{"floor":32.0,"key":"REST"},{"data":"Body Slam","floor":40,"key":"SMITH"},{"floor":42,"key":"RECALL"},{"floor":49,"key":"REST"},{"data":"Twin Strike","floor":52,"key":"SMITH"}],"neow_cost":"CURSE","seed_source_timestamp":0,"circlet_count":0,"master_deck":["Strike_R","Strike_R","Strike_R","Strike_R","Defend_R","Defend_R+1","Defend_R","Defend_R","Bash+1","Whirlwind+1","Twin Strike+1","Shockwave+1","True Grit+1","Headbutt","Warcry+1","Armaments+1","Exhume+1","Uppercut+1","Entrench+1","Dropkick","Spot Weakness+1","Shrug It Off+1","Shrug It Off+1","Offering+1","Fiend Fire+1","Seeing Red+1","Entrench+1","Body Slam+1","Disarm+1","Impervious+1","Shrug It Off+1","Master of Strategy+1","Disarm+1","Warcry+1","Dark Shackles+1","Sentinel+1"],"special_seed":0,"relics":["Burning Blood","Thread and Needle","Toy Ornithopter","PreservedInsect","War Paint","Toxic Egg 2","Black Star","Bag of Preparation","Bottled Flame","Ancient Tea Set","Shuriken","Matryoshka","Cursed Key","Gremlin Horn","Bottled Lightning","Bronze Scales","Dream Catcher","Bag of Marbles","Akabeko","Ornamental Fan","Blood Vial","Art of War"],"potions_floor_usage":[50,55,55,55,55,55,55],"damage_taken":[{"damage":0.0,"enemies":"Small Slimes","floor":1.0,"turns":3.0},{"damage":2.0,"enemies":"Cultist","floor":4.0,"turns":3.0},{"damage":0.0,"enemies":"2 Louse","floor":5.0,"turns":2.0},{"damage":19.0,"enemies":"3 Sentries","floor":6.0,"turns":8.0},{"damage":0.0,"enemies":"Gremlin Nob","floor":8.0,"turns":4.0},{"damage":5.0,"enemies":"3 Sentries","floor":10.0,"turns":7.0},{"damage":4.0,"enemies":"Gremlin Gang","floor":12.0,"turns":6.0},{"damage":2.0,"enemies":"Looter","floor":13.0,"turns":4.0},{"damage":2.0,"enemies":"Lots of Slimes","floor":14.0,"turns":3.0},{"damage":2.0,"enemies":"The Guardian","floor":16.0,"turns":11.0},{"damage":0.0,"enemies":"Chosen","floor":18.0,"turns":6.0},{"damage":10.0,"enemies":"Shell Parasite","floor":19.0,"turns":13.0},{"damage":17.0,"enemies":"3 Cultists","floor":20.0,"turns":6.0},{"damage":9.0,"enemies":"Shelled Parasite and Fungi","floor":22.0,"turns":10.0},{"damage":37.0,"enemies":"Book of Stabbing","floor":24.0,"turns":6.0},{"damage":10.0,"enemies":"Centurion and Healer","floor":25.0,"turns":3.0},{"damage":1.0,"enemies":"Slavers","floor":29.0,"turns":4.0},{"damage":14.0,"enemies":"Cultist and Chosen","floor":30.0,"turns":6.0},{"damage":20.0,"enemies":"Snake Plant","floor":31.0,"turns":5.0},{"damage":52.0,"enemies":"Automaton","floor":33.0,"turns":14.0},{"damage":6.0,"enemies":"Orb Walker","floor":35.0,"turns":1.0},{"damage":9.0,"enemies":"3 Shapes","floor":37.0,"turns":6.0},{"damage":0.0,"enemies":"Transient","floor":38.0,"turns":5.0},{"damage":6,"enemies":"Writhing Mass","floor":39,"turns":7},{"damage":24,"enemies":"Nemesis","floor":41,"turns":5},{"damage":28,"enemies":"Giant Head","floor":45,"turns":7},{"damage":6,"enemies":"3 Darklings","floor":46,"turns":3},{"damage":56,"enemies":"Donu and Deca","floor":50,"turns":11},{"damage":9,"enemies":"Shield and Spear","floor":54,"turns":4},{"damage":117,"enemies":"The Heart","floor":55,"turns":11}],"seed_played":"6245570694052611415","potions_obtained":[{"floor":6.0,"key":"Dexterity Potion"},{"floor":8.0,"key":"Block Potion"},{"floor":10.0,"key":"Strength Potion"},{"floor":14.0,"key":"SteroidPotion"},{"floor":16.0,"key":"BloodPotion"},{"floor":25.0,"key":"Regen Potion"},{"floor":29.0,"key":"Dexterity Potion"},{"floor":33.0,"key":"Weak Potion"},{"floor":35.0,"key":"SkillPotion"},{"floor":39,"key":"EntropicBrew"}],"is_trial":false,"path_per_floor":["M","$","?","M","M","E","R","E","T","E","$","M","M","M","R","B",null,"M","M","M","?","M","R","E","M","T","T","R","E","M","M","R","B",null,"M","?","M","M","M","R","E","R","T","?","E","M","$","?","R","B",null,"R","$","E","B",null],"character_chosen":"IRONCLAD","items_purchased":["Twin Strike","Master of Strategy+1","Ornamental Fan","Dark Shackles+1","Regen Potion"],"campfire_rested":3,"item_purchase_floors":[2,47,47,53,53],"current_hp_per_floor":[80,80,80,80,80,67,67,73,73,74,74,80,80,80,80,80,80,80,76,65,65,67,67,41,37,37,37,61,66,58,44,68,47,80,80,80,77,80,80,80,62,62,62,62,40,40,40,40,64,19,80,80,80,77,22],"gold":47,"neow_bonus":"ONE_RARE_RELIC","is_prod":false,"is_daily":false,"chose_seed":false,"campfire_upgraded":5,"win_rate":0,"timestamp":1716254313,"path_taken":["M","$","?","M","M","E","R","E","T","E","?","M","M","M","R","BOSS","M","M","M","?","?","R","E","M","T","?","R","E","M","M","R","BOSS","M","?","M","M","?","R","E","R","T","?","E","M","$","?","R","BOSS","R","$","E","BOSS"],"build_version":"2022-12-18","purchased_purges":3,"victory":true,"max_hp_per_floor":[80,80,80,80,80,80,80,80,80,80,80,80,80,80,80,80,80,80,80,80,80,80,80,80,80,80,80,80,80,80,80,80,80,80,80,80,80,80,80,80,80,80,80,80,80,80,80,80,80,80,80,80,80,80,80],"card_choices":[{"not_picked":["Carnage","Headbutt"],"picked":"Whirlwind","floor":1.0},{"not_picked":["Evolve","Pommel Strike"],"picked":"Iron Wave","floor":4.0},{"not_picked":["Iron Wave","Pommel Strike"],"picked":"Shockwave","floor":5.0},{"not_picked":["Wild Strike","Pummel","Shockwave"],"picked":"SKIP","floor":6.0},{"not_picked":["Wild Strike","Pummel","Shockwave"],"picked":"SKIP","floor":6.0},{"not_picked":["Cleave","Bludgeon"],"picked":"True Grit","floor":8.0},{"not_picked":["True Grit+1","Iron Wave","Rampage"],"picked":"SKIP","floor":10.0},{"not_picked":["Clothesline","Sentinel+1"],"picked":"Headbutt","floor":12.0},{"not_picked":["Sword Boomerang","Sentinel+1"],"picked":"Warcry+1","floor":13.0},{"not_picked":["Sword Boomerang","Headbutt"],"picked":"Armaments+1","floor":14.0},{"not_picked":["Bludgeon","Impervious+1"],"picked":"Exhume+1","floor":16.0},{"not_picked":["Iron Wave","True Grit+1","Heavy Blade"],"picked":"SKIP","floor":18.0},{"not_picked":["Iron Wave","Pummel"],"picked":"Uppercut+1","floor":19.0},{"not_picked":["Rage+1","Headbutt"],"picked":"Entrench+1","floor":20.0},{"not_picked":["Reckless Charge","Perfected Strike+1"],"picked":"Dropkick","floor":22.0},{"not_picked":["Searing Blow","Entrench+1"],"picked":"Spot Weakness+1","floor":24.0},{"not_picked":["Havoc+1","Intimidate+1"],"picked":"Shrug It Off+1","floor":25.0},{"not_picked":["Clothesline+1","Burning Pact+1"],"picked":"Shrug It Off+1","floor":29.0},{"not_picked":["Second Wind+1","True Grit+1"],"picked":"Offering+1","floor":30.0},{"not_picked":["Evolve+1","Shrug It Off+1","True Grit+1"],"picked":"SKIP","floor":31.0},{"not_picked":["Immolate","Demon Form"],"picked":"Fiend Fire","floor":33.0},{"not_picked":["Dropkick","Dual Wield+1"],"picked":"Seeing Red+1","floor":35.0},{"not_picked":["Flex+1","Sever Soul+1"],"picked":"Entrench+1","floor":37.0},{"not_picked":["Entrench+1","Flex+1"],"picked":"Body Slam","floor":38.0},{"not_picked":["Heavy Blade+1","Burning Pact+1"],"picked":"Disarm+1","floor":39},{"not_picked":["Armaments+1","Second Wind+1"],"picked":"Impervious+1","floor":41},{"not_picked":["Pommel Strike+1","Perfected Strike+1"],"picked":"Shrug It Off+1","floor":45},{"not_picked":["Infernal Blade+1","Headbutt+1","Heavy Blade+1"],"picked":"SKIP","floor":46},{"not_picked":["Heavy Blade","True Grit+1"],"picked":"Warcry+1","floor":49},{"not_picked":["Body Slam","Clash"],"picked":"Sentinel+1","floor":54}],"player_experience":1121055,"relics_obtained":[{"floor":6.0,"key":"Toy Ornithopter"},{"floor":8.0,"key":"PreservedInsect"},{"floor":9.0,"key":"War Paint"},{"floor":10.0,"key":"Toxic Egg 2"},{"floor":24.0,"key":"Bag of Preparation"},{"floor":24.0,"key":"Bottled Flame"},{"floor":26.0,"key":"Ancient Tea Set"},{"floor":29.0,"key":"Shuriken"},{"floor":29.0,"key":"Matryoshka"},{"floor":41,"key":"Gremlin Horn"},{"floor":41,"key":"Bottled Lightning"},{"floor":43,"key":"Bronze Scales"},{"floor":43,"key":"Dream Catcher"},{"floor":45,"key":"Bag of Marbles"},{"floor":45,"key":"Akabeko"},{"floor":54,"key":"Blood Vial"},{"floor":54,"key":"Art of War"}],"event_choices":[{"damage_healed":0.0,"max_hp_gain":0.0,"max_hp_loss":0.0,"gold_gain":0.0,"event_name":"Accursed Blacksmith","player_choice":"Forge","floor":3.0,"gold_loss":0.0,"damage_taken":0.0,"cards_upgraded":["Whirlwind"]},{"damage_healed":0.0,"max_hp_gain":0.0,"max_hp_loss":0.0,"gold_gain":0.0,"event_name":"NoteForYourself","player_choice":"Ignored","floor":21.0,"gold_loss":0.0,"damage_taken":0.0},{"damage_healed":0.0,"max_hp_gain":0.0,"max_hp_loss":0.0,"gold_gain":0.0,"event_name":"Upgrade Shrine","player_choice":"Upgraded","floor":36.0,"gold_loss":0.0,"damage_taken":0.0,"cards_upgraded":["Fiend Fire"]},{"cards_removed":["Iron Wave"],"damage_healed":0,"gold_gain":0,"player_choice":"Removed Attack","damage_taken":0,"max_hp_gain":0,"max_hp_loss":0,"event_name":"Falling","floor":44,"gold_loss":0},{"damage_healed":0,"gold_gain":0,"player_choice":"Copied","damage_taken":0,"max_hp_gain":0,"max_hp_loss":0,"event_name":"Duplicator","floor":48,"gold_loss":0,"cards_obtained":["Disarm"]}],"is_beta":false,"boss_relics":[{"not_picked":["Calling Bell","Velvet Choker"],"picked":"Black Star"},{"not_picked":["Runic Pyramid","Philosopher\u0027s Stone"],"picked":"Cursed Key"}],"items_purged_floors":[2,11,47],"is_endless":false,"potions_floor_spawned":[6,8,10,14,16,25,29,33,35,39,41],"ascension_level":2}