{"gold_per_floor":[109,127,137,148,165,165,176,186,256,286,286,303,60,95,95,169,169,189,114,131,150,150,150],"floor_reached":23,"playtime":1408,"items_purged":["Strike_B"],"score":342,"play_id":"a270e5cb-2002-4610-b255-151d120f376f","local_time":"20230322125923","is_ascension_mode":true,"campfire_choices":[{"data":"Go for the Eyes","floor":6.0,"key":"SMITH"},{"floor":11.0,"key":"REST"},{"data":"Defragment","floor":15.0,"key":"SMITH"}],"neow_cost":"NONE","seed_source_timestamp":0,"circlet_count":0,"master_deck":["AscendersBane","Strike_B+1","Strike_B+1","Defend_B+1","Defend_B+1","Defend_B+1","Defend_B+1","Zap","Dualcast","Steam Power","Go for the Eyes+1","Hologram","Steam","Ball Lightning","FTL","Auto Shields","Coolheaded","Defragment+1","Consume","Rebound","Doom and Gloom","Biased Cognition","Compile Driver","Turbo"],"special_seed":0,"relics":["Cracked Core","Kunai","Blue Candle","Oddly Smooth Stone","Philosopher\u0027s Stone"],"potions_floor_usage":[20,20,23],"damage_taken":[{"damage":0.0,"enemies":"Small Slimes","floor":1.0,"turns":2.0},{"damage":0.0,"enemies":"2 Louse","floor":2.0,"turns":2.0},{"damage":0.0,"enemies":"Cultist","floor":3.0,"turns":3.0},{"damage":4.0,"enemies":"2 Fungi Beasts","floor":4.0,"turns":4.0},{"damage":0.0,"enemies":"Large Slime","floor":5.0,"turns":5.0},{"damage":3.0,"enemies":"3 Louse","floor":7.0,"turns":4.0},{"damage":10.0,"enemies":"Red Slaver","floor":8.0,"turns":2.0},{"damage":19.0,"enemies":"3 Sentries","floor":10.0,"turns":6.0},{"damage":17.0,"enemies":"Exordium Thugs","floor":12.0,"turns":4.0},{"damage":10.0,"enemies":"Lagavulin","floor":14.0,"turns":5.0},{"damage":5.0,"enemies":"Hexaghost","floor":16.0,"turns":12.0},{"damage":5.0,"enemies":"Shell Parasite","floor":18.0,"turns":4.0},{"damage":21,"enemies":"3 Byrds","floor":20,"turns":7},{"damage":3,"enemies":"Cultist and Chosen","floor":21,"turns":7},{"damage":34,"enemies":"Gremlin Leader","floor":23,"turns":3}],"seed_played":"-274679981817424138","potions_obtained":[{"floor":2.0,"key":"BlessingOfTheForge"},{"floor":4.0,"key":"SneckoOil"},{"floor":8.0,"key":"Swift Potion"},{"floor":10.0,"key":"Fire Potion"},{"floor":16.0,"key":"Weak Potion"},{"floor":21,"key":"FocusPotion"}],"is_trial":false,"path_per_floor":["M","M","M","M","M","R","M","M","T","E","R","M","$","E","R","B",null,"M","?","M","M","?","E"],"character_chosen":"DEFECT","items_purchased":["Defragment","Consume","Rebound"],"campfire_rested":1,"item_purchase_floors":[13,13,13],"current_hp_per_floor":[68,68,68,64,64,64,61,51,51,32,54,37,37,27,27,22,62,57,57,36,33,33,0],"gold":150,"neow_bonus":"THREE_CARDS","is_prod":false,"is_daily":false,"chose_seed":false,"campfire_upgraded":2,"win_rate":0,"timestamp":1679515163,"path_taken":["M","M","M","M","M","R","M","M","T","E","R","M","$","E","R","BOSS","M","?","M","M","?","E"],"build_version":"2022-12-18","purchased_purges":1,"victory":false,"max_hp_per_floor":[75,75,75,75,75,75,75,75,75,75,75,75,75,75,75,75,75,75,75,75,75,75,75],"card_choices":[{"not_picked":["Force Field","Coolheaded"],"picked":"Steam Power","floor":0.0},{"not_picked":["Loop","Steam Power"],"picked":"Go for the Eyes","floor":1.0},{"not_picked":["Steam Power","Streamline"],"picked":"Hologram","floor":2.0},{"not_picked":["Barrage","Go for the Eyes","Amplify"],"picked":"SKIP","floor":3.0},{"not_picked":["Skim","Blizzard"],"picked":"Steam","floor":4.0},{"not_picked":["Gash","Steam"],"picked":"Ball Lightning","floor":5.0},{"not_picked":["Conserve Battery","Chaos"],"picked":"FTL","floor":7.0},{"not_picked":["Barrage","Steam Power","Gash"],"picked":"SKIP","floor":8.0},{"not_picked":["Scrape","Stack"],"picked":"Auto Shields","floor":10.0},{"not_picked":["BootSequence","Streamline"],"picked":"Coolheaded","floor":12.0},{"not_picked":["Meteor Strike","Compile Driver"],"picked":"Doom and Gloom","floor":14.0},{"not_picked":["Amplify","Rainbow"],"picked":"Biased Cognition","floor":16.0},{"not_picked":["White Noise","Sweeping Beam"],"picked":"Compile Driver","floor":18.0},{"not_picked":["Go for the Eyes","Streamline"],"picked":"Turbo","floor":20},{"not_picked":["Steam","Streamline","Turbo"],"picked":"SKIP","floor":21}],"player_experience":760262,"relics_obtained":[{"floor":9.0,"key":"Kunai"},{"floor":10.0,"key":"Blue Candle"},{"floor":14.0,"key":"Oddly Smooth Stone"}],"event_choices":[{"cards_removed":["Strike_B"],"damage_healed":0.0,"max_hp_gain":0.0,"max_hp_loss":0.0,"gold_gain":0.0,"event_name":"Beggar","player_choice":"Gave Gold","floor":19.0,"gold_loss":75.0,"damage_taken":0.0},{"damage_healed":0,"gold_gain":0,"player_choice":"Simplicity","damage_taken":0,"max_hp_gain":0,"max_hp_loss":0,"event_name":"Back to Basics","floor":22,"gold_loss":0,"cards_upgraded":["Strike_B","Strike_B","Defend_B","Defend_B","Defend_B","Defend_B"]}],"is_beta":false,"boss_relics":[{"not_picked":["Velvet Choker","Tiny House"],"picked":"Philosopher\u0027s Stone"}],"items_purged_floors":[13],"is_endless":false,"potions_floor_spawned":[2,4,8,10,12,16,21],"killed_by":"Gremlin Leader","ascension_level":13}