{"gold_per_floor":[212,487,505,524,38,38,58,93,93,68,68,93,109,127,127,201,201,218,238,257,277,21,21,48,68,68,68,78,58,69,88,88,164,164,178,178,191,210,229,229,254,267,267,267,287,305,350,365,365,365],"floor_reached":51,"playtime":5868,"items_purged":["Regret","Strike_B"],"score":1272,"play_id":"dbf26de9-70b2-42bd-b862-351c9a4dd706","local_time":"20230407153958","is_ascension_mode":true,"campfire_choices":[{"data":"Buffer","floor":6.0,"key":"SMITH"},{"data":"Hologram","floor":11.0,"key":"SMITH"},{"floor":15.0,"key":"REST"},{"data":"Consume","floor":23.0,"key":"SMITH"},{"floor":32.0,"key":"REST"},{"data":"Recycle","floor":40.0,"key":"SMITH"},{"floor":49,"key":"REST"}],"neow_cost":"NONE","seed_source_timestamp":0,"circlet_count":0,"master_deck":["AscendersBane","Strike_B","Strike_B","Strike_B","Defend_B","Defend_B","Defend_B","Defend_B","Zap","Dualcast","Ball Lightning","Coolheaded+1","Buffer+1","Gash","Cold Snap","Compile Driver","Hologram+1","Consume+1","Seek","Recycle+1","Echo Form","Coolheaded","Tempest","Rebound","Machine Learning","Decay","Undo","Seek","Cold Snap+1","Leap+1"],"special_seed":0,"relics":["Cracked Core","ClockworkSouvenir","Matryoshka","Regal Pillow","Cables","White Beast Statue","Nuclear Battery","Bag of Preparation","Singing Bowl","Tiny Chest","Pear","Busted Crown","Calipers","Ginger","StrikeDummy","Lantern"],"potions_floor_usage":[50],"damage_taken":[{"damage":0.0,"enemies":"Small Slimes","floor":1.0,"turns":2.0},{"damage":2.0,"enemies":"Cultist","floor":3.0,"turns":4.0},{"damage":3.0,"enemies":"2 Louse","floor":4.0,"turns":3.0},{"damage":18.0,"enemies":"Large Slime","floor":7.0,"turns":5.0},{"damage":0.0,"enemies":"Lagavulin","floor":8.0,"turns":6.0},{"damage":0.0,"enemies":"Gremlin Nob","floor":12.0,"turns":4.0},{"damage":7.0,"enemies":"Exordium Thugs","floor":13.0,"turns":5.0},{"damage":8.0,"enemies":"Lots of Slimes","floor":14.0,"turns":6.0},{"damage":7.0,"enemies":"Slime Boss","floor":16.0,"turns":11.0},{"damage":4.0,"enemies":"Shell Parasite","floor":18.0,"turns":8.0},{"damage":0.0,"enemies":"Spheric Guardian","floor":19.0,"turns":4.0},{"damage":5.0,"enemies":"Shelled Parasite and Fungi","floor":20.0,"turns":6.0},{"damage":22.0,"enemies":"Centurion and Healer","floor":21.0,"turns":10.0},{"damage":25.0,"enemies":"Book of Stabbing","floor":24.0,"turns":7.0},{"damage":0.0,"enemies":"Snecko","floor":25.0,"turns":7.0},{"damage":15.0,"enemies":"Snake Plant","floor":28.0,"turns":5.0},{"damage":9.0,"enemies":"Centurion and Healer","floor":30.0,"turns":6.0},{"damage":0.0,"enemies":"Snecko","floor":31.0,"turns":5.0},{"damage":32.0,"enemies":"Collector","floor":33.0,"turns":15.0},{"damage":0.0,"enemies":"3 Shapes","floor":35.0,"turns":4.0},{"damage":42.0,"enemies":"3 Darklings","floor":37.0,"turns":7.0},{"damage":0.0,"enemies":"Sphere and 2 Shapes","floor":38.0,"turns":9.0},{"damage":0.0,"enemies":"Spire Growth","floor":39.0,"turns":8.0},{"damage":11.0,"enemies":"Nemesis","floor":41.0,"turns":9.0},{"damage":0.0,"enemies":"Maw","floor":42.0,"turns":11.0},{"damage":0.0,"enemies":"4 Shapes","floor":45.0,"turns":7.0},{"damage":42,"enemies":"Jaw Worm Horde","floor":46,"turns":7},{"damage":0,"enemies":"Writhing Mass","floor":48,"turns":8},{"damage":41,"enemies":"Awakened One","floor":50,"turns":21}],"seed_played":"-929593515589778599","potions_obtained":[{"floor":4.0,"key":"PowerPotion"},{"floor":12.0,"key":"SteroidPotion"},{"floor":13.0,"key":"ColorlessPotion"},{"floor":14.0,"key":"LiquidMemories"},{"floor":16.0,"key":"Dexterity Potion"},{"floor":18.0,"key":"BlessingOfTheForge"},{"floor":21.0,"key":"FearPotion"},{"floor":24.0,"key":"Regen Potion"},{"floor":28.0,"key":"DuplicationPotion"},{"floor":30.0,"key":"FairyPotion"},{"floor":33.0,"key":"LiquidBronze"},{"floor":35.0,"key":"Regen Potion"},{"floor":37.0,"key":"Strength Potion"},{"floor":38.0,"key":"SpeedPotion"},{"floor":39.0,"key":"FocusPotion"}],"is_trial":false,"path_per_floor":["M","?","M","M","$","R","M","E","T","$","R","E","M","M","R","B",null,"M","M","M","M","$","R","E","M","T","?","M","?","M","M","R","B",null,"M","T","M","M","M","R","E","M","T","?","M","M","T","M","R","B",null],"character_chosen":"DEFECT","items_purchased":["Buffer","Gash","Cold Snap","ClockworkSouvenir","Hologram","Bag of Preparation"],"campfire_rested":3,"item_purchase_floors":[5,5,5,5,10,22],"current_hp_per_floor":[64,64,62,59,59,59,41,41,41,41,41,41,34,26,62,55,67,63,63,58,36,36,36,13,13,23,23,22,22,13,15,56,24,71,73,73,47,49,51,51,42,44,44,44,44,4,4,4,49,8],"gold":365,"neow_bonus":"HUNDRED_GOLD","is_prod":false,"is_daily":false,"chose_seed":false,"campfire_upgraded":4,"win_rate":0,"timestamp":1680907198,"path_taken":["M","?","M","M","$","R","M","E","T","?","R","E","?","M","R","BOSS","M","M","M","M","$","R","E","M","T","?","M","?","M","?","R","BOSS","M","?","M","M","M","R","E","M","T","?","?","?","?","M","R","BOSS"],"build_version":"2022-12-18","purchased_purges":2,"victory":true,"max_hp_per_floor":[71,71,71,71,71,71,71,71,71,71,71,71,71,71,71,71,71,71,71,71,71,71,71,73,73,83,83,85,85,85,87,87,87,87,89,89,91,93,95,95,97,99,99,99,99,101,101,101,101,101],"card_choices":[{"not_picked":["Stack","Blizzard","Sweeping Beam"],"picked":"SKIP","floor":1.0},{"not_picked":["Auto Shields","Aggregate"],"picked":"Ball Lightning","floor":3.0},{"not_picked":["Steam","BootSequence"],"picked":"Coolheaded","floor":4.0},{"not_picked":["Turbo","Ball Lightning","Barrage"],"picked":"SKIP","floor":7.0},{"not_picked":["Rip and Tear","Ball Lightning"],"picked":"Compile Driver","floor":8.0},{"not_picked":["Redo","Coolheaded"],"picked":"Consume","floor":12.0},{"not_picked":["Conserve Battery","Stack"],"picked":"Seek","floor":13.0},{"not_picked":["Barrage","Redo"],"picked":"Recycle","floor":14.0},{"not_picked":["Multi-Cast","Creative AI"],"picked":"Echo Form","floor":16.0},{"not_picked":["Genetic Algorithm","Redo"],"picked":"Coolheaded","floor":18.0},{"not_picked":["Steam","Auto Shields"],"picked":"Tempest","floor":19.0},{"not_picked":["Ball Lightning","Storm"],"picked":"Rebound","floor":20.0},{"not_picked":["Sweeping Beam","White Noise","Ball Lightning+1"],"picked":"SKIP","floor":21.0},{"not_picked":["Streamline","Leap","Turbo"],"picked":"Singing Bowl","floor":24.0},{"not_picked":["Steam","Streamline"],"picked":"Machine Learning","floor":25.0},{"not_picked":["Ball Lightning","Fusion+1","Compile Driver"],"picked":"Singing Bowl","floor":28.0},{"not_picked":["Steam","Scrape"],"picked":"Undo","floor":30.0},{"not_picked":["Scrape","Compile Driver","Streamline"],"picked":"Singing Bowl","floor":31.0},{"not_picked":["Machine Learning","Reboot"],"picked":"Seek","floor":33.0},{"not_picked":["Hologram"],"picked":"Singing Bowl","floor":35.0},{"not_picked":["Recycle"],"picked":"Singing Bowl","floor":37.0},{"not_picked":["Beam Cell"],"picked":"Singing Bowl","floor":38.0},{"not_picked":["Leap"],"picked":"Singing Bowl","floor":39.0},{"not_picked":["Tempest"],"picked":"Singing Bowl","floor":41.0},{"not_picked":["Heatsinks"],"picked":"Singing Bowl","floor":42.0},{"not_picked":[],"picked":"Cold Snap+1","floor":45.0},{"not_picked":["Doom and Gloom"],"picked":"Singing Bowl","floor":46},{"not_picked":[],"picked":"Leap+1","floor":48}],"player_experience":783559,"relics_obtained":[{"floor":8.0,"key":"Matryoshka"},{"floor":9.0,"key":"Regal Pillow"},{"floor":9.0,"key":"Cables"},{"floor":12.0,"key":"White Beast Statue"},{"floor":24.0,"key":"Singing Bowl"},{"floor":26.0,"key":"Tiny Chest"},{"floor":26.0,"key":"Pear"},{"floor":36.0,"key":"Calipers"},{"floor":41.0,"key":"Ginger"},{"floor":43.0,"key":"StrikeDummy"},{"floor":47,"key":"Lantern"}],"event_choices":[{"damage_healed":0.0,"max_hp_gain":0.0,"max_hp_loss":0.0,"gold_gain":275.0,"event_name":"Golden Shrine","player_choice":"Desecrate","floor":2.0,"gold_loss":0.0,"damage_taken":0.0,"cards_obtained":["Regret"]},{"damage_healed":0.0,"max_hp_gain":0.0,"max_hp_loss":0.0,"gold_gain":0.0,"event_name":"Forgotten Altar","player_choice":"Smashed Altar","floor":27.0,"gold_loss":0.0,"damage_taken":0.0,"cards_obtained":["Decay"]},{"damage_healed":0.0,"max_hp_gain":0.0,"max_hp_loss":0.0,"gold_gain":0.0,"event_name":"The Woman in Blue","player_choice":"Bought 1 Potion","floor":29.0,"gold_loss":0.0,"damage_taken":0.0},{"damage_healed":0.0,"max_hp_gain":0.0,"max_hp_loss":0.0,"gold_gain":0.0,"event_name":"Accursed Blacksmith","player_choice":"Forge","floor":44.0,"gold_loss":0.0,"damage_taken":0.0,"cards_upgraded":["Coolheaded"]}],"is_beta":false,"boss_relics":[{"not_picked":["Black Star","Philosopher\u0027s Stone"],"picked":"Nuclear Battery"},{"not_picked":["Velvet Choker","Coffee Dripper"],"picked":"Busted Crown"}],"items_purged_floors":[5,22],"is_endless":false,"potions_floor_spawned":[4,12,13,14,16,18,19,20,21,24,25,28,30,31,33,35,37,38,39,41,42,45,46,48],"ascension_level":14}