{"gold_per_floor":[111,125,125,138,51,51,82,107,107,120,120,135,149,189,189,189],"floor_reached":16,"playtime":752,"items_purged":[],"score":264,"play_id":"f1daa611-0914-4cf9-8f23-3b95cf71255e","local_time":"20230829155817","is_ascension_mode":true,"campfire_choices":[{"data":"Biased Cognition","floor":6.0,"key":"SMITH"},{"floor":11.0,"key":"REST"},{"floor":15,"key":"REST"}],"neow_cost":"TEN_PERCENT_HP_LOSS","seed_source_timestamp":1682102583975500,"circlet_count":0,"master_deck":["AscendersBane","Strike_B","Strike_B","Strike_B","Strike_B","Defend_B","Defend_B","Defend_B","Defend_B","Zap","Dualcast","Biased Cognition+1","Coolheaded","Go for the Eyes","Glacier","Doom and Gloom","Coolheaded","Redo","Turbo","Cold Snap"],"special_seed":0,"relics":["Cracked Core","Golden Idol","Sundial","Matryoshka","Gremlin Horn"],"potions_floor_usage":[16],"damage_taken":[{"damage":2.0,"enemies":"Small Slimes","floor":1.0,"turns":3.0},{"damage":0.0,"enemies":"2 Louse","floor":2.0,"turns":2.0},{"damage":0.0,"enemies":"Cultist","floor":4.0,"turns":3.0},{"damage":4.0,"enemies":"Gremlin Nob","floor":7.0,"turns":5.0},{"damage":8.0,"enemies":"Lots of Slimes","floor":8.0,"turns":6.0},{"damage":3.0,"enemies":"2 Fungi Beasts","floor":10.0,"turns":3.0},{"damage":11.0,"enemies":"3 Louse","floor":12.0,"turns":3.0},{"damage":0.0,"enemies":"Blue Slaver","floor":13.0,"turns":3.0},{"damage":0.0,"enemies":"Lagavulin","floor":14.0,"turns":6.0},{"damage":54,"enemies":"The Guardian","floor":16,"turns":15}],"seed_played":"-1587302983990977432","potions_obtained":[{"floor":4.0,"key":"Weak Potion"},{"floor":7.0,"key":"Fire Potion"},{"floor":14.0,"key":"DuplicationPotion"}],"is_trial":false,"path_per_floor":["M","M","?","M","$","R","E","M","T","M","R","M","M","E","R","B"],"character_chosen":"DEFECT","items_purchased":["Doom and Gloom"],"campfire_rested":2,"item_purchase_floors":[5],"current_hp_per_floor":[62,62,40,40,40,40,36,28,28,25,44,33,33,33,52,0],"gold":189,"neow_bonus":"THREE_RARE_CARDS","is_prod":false,"is_daily":false,"chose_seed":false,"campfire_upgraded":1,"win_rate":0,"timestamp":1693349897,"path_taken":["M","M","?","M","$","R","E","M","T","M","R","M","M","E","R","BOSS"],"build_version":"2022-12-18","purchased_purges":0,"victory":false,"max_hp_per_floor":[64,64,64,64,64,64,64,64,64,64,64,64,64,64,64,64],"card_choices":[{"not_picked":["Meteor Strike","Machine Learning"],"picked":"Biased Cognition","floor":0.0},{"not_picked":["Barrage","Reprogram"],"picked":"Coolheaded","floor":1.0},{"not_picked":["Force Field","Tempest"],"picked":"Go for the Eyes","floor":2.0},{"not_picked":["Turbo","Sweeping Beam"],"picked":"Glacier","floor":4.0},{"not_picked":["Blizzard","Static Discharge","Stack"],"picked":"SKIP","floor":7.0},{"not_picked":["Gash","BootSequence"],"picked":"Coolheaded","floor":8.0},{"not_picked":["Storm","Barrage"],"picked":"Redo","floor":10.0},{"not_picked":["Auto Shields","Sunder"],"picked":"Turbo","floor":12.0},{"not_picked":["Streamline","Consume","Leap"],"picked":"SKIP","floor":13.0},{"not_picked":["Buffer","Beam Cell"],"picked":"Cold Snap","floor":14.0}],"player_experience":878592,"relics_obtained":[{"floor":7.0,"key":"Sundial"},{"floor":9.0,"key":"Matryoshka"},{"floor":14.0,"key":"Gremlin Horn"}],"event_choices":[{"damage_healed":0.0,"max_hp_gain":0.0,"max_hp_loss":0.0,"gold_gain":0.0,"event_name":"Golden Idol","player_choice":"Take Damage","floor":3.0,"gold_loss":0.0,"damage_taken":22.0,"relics_obtained":["Golden Idol"]}],"is_beta":false,"boss_relics":[],"items_purged_floors":[],"is_endless":false,"potions_floor_spawned":[4,7,8,14],"killed_by":"The Guardian","ascension_level":18}