{"gold_per_floor":[112,37,37,47,66,97,111,111,135,151,170,202,8,18,18,91,91,108,88,88,88,100,134,134,146,146,189,32,67,77,94,94,170,170,181,181,192,217,236,269,284,284,284,300,80,107,107,133,133,133],"floor_reached":51,"playtime":4903,"items_purged":["Strike_B","Strike_B"],"score":1660,"play_id":"f3bf6c52-8986-465a-8515-8179f7510933","local_time":"20230827165636","is_ascension_mode":true,"campfire_choices":[{"data":"Hologram","floor":8.0,"key":"SMITH"},{"data":"Buffer","floor":15.0,"key":"SMITH"},{"data":"Echo Form","floor":24.0,"key":"SMITH"},{"floor":32,"key":"REST"},{"data":"1","floor":42,"key":"LIFT"},{"data":"2","floor":49,"key":"LIFT"}],"neow_cost":"NONE","seed_source_timestamp":0,"circlet_count":0,"master_deck":["AscendersBane","Strike_B","Defend_B","Defend_B","Defend_B","Zap","Dualcast","Hologram+1","Ball Lightning","Doom and Gloom","Buffer+1","Self Repair","Barrage","Steam Power","Creative AI","Capacitor","Redo","Conserve Battery","Coolheaded","Echo Form+1","Reinforced Body+1","Leap","Sunder","Aggregate+1","Storm","Amplify","Go for the Eyes","Aggregate","Thunder Strike","Consume+1","Stack","Heatsinks+1","Defragment","Glacier+1","Defragment","Hologram+1","PanicButton+1","Enlightenment+1","Undo+1"],"special_seed":0,"relics":["Cracked Core","NeowsBlessing","Anchor","Bag of Preparation","Vajra","Snecko Eye","Mango","MawBank","Potion Belt","OrangePellets","Art of War","Fusion Hammer","Girya","Toxic Egg 2","Kunai","Peace Pipe","Blood Vial"],"potions_floor_usage":[33,35,37,50,50],"damage_taken":[{"damage":0.0,"enemies":"Cultist","floor":1.0,"turns":1.0},{"damage":0.0,"enemies":"Small Slimes","floor":4.0,"turns":1.0},{"damage":0.0,"enemies":"Jaw Worm","floor":5.0,"turns":1.0},{"damage":33.0,"enemies":"Gremlin Nob","floor":6.0,"turns":4.0},{"damage":6.0,"enemies":"Exordium Thugs","floor":7.0,"turns":4.0},{"damage":1.0,"enemies":"2 Fungi Beasts","floor":10.0,"turns":3.0},{"damage":0.0,"enemies":"Looter","floor":11.0,"turns":2.0},{"damage":5.0,"enemies":"3 Sentries","floor":12.0,"turns":6.0},{"damage":12.0,"enemies":"Exordium Wildlife","floor":14.0,"turns":5.0},{"damage":0.0,"enemies":"Slime Boss","floor":16.0,"turns":8.0},{"damage":0.0,"enemies":"Chosen","floor":18.0,"turns":4.0},{"damage":9.0,"enemies":"3 Byrds","floor":22.0,"turns":5.0},{"damage":13.0,"enemies":"Book of Stabbing","floor":23.0,"turns":6.0},{"damage":0.0,"enemies":"Centurion and Healer","floor":25.0,"turns":6.0},{"damage":27.0,"enemies":"Slavers","floor":27.0,"turns":10.0},{"damage":30,"enemies":"Book of Stabbing","floor":29,"turns":6},{"damage":11,"enemies":"Snecko","floor":30,"turns":6},{"damage":17,"enemies":"3 Cultists","floor":31,"turns":6},{"damage":24,"enemies":"Collector","floor":33,"turns":8},{"damage":75,"enemies":"3 Darklings","floor":35,"turns":8},{"damage":0,"enemies":"3 Shapes","floor":37,"turns":5},{"damage":16,"enemies":"Mind Bloom Boss Battle","floor":38,"turns":6},{"damage":27,"enemies":"Jaw Worm Horde","floor":39,"turns":5},{"damage":0,"enemies":"Reptomancer","floor":40,"turns":7},{"damage":22,"enemies":"3 Darklings","floor":41,"turns":5},{"damage":0,"enemies":"Spire Growth","floor":44,"turns":6},{"damage":0,"enemies":"Nemesis","floor":46,"turns":7},{"damage":0,"enemies":"Reptomancer","floor":48,"turns":5},{"damage":14,"enemies":"Time Eater","floor":50,"turns":13}],"seed_played":"1133669232146293308","potions_obtained":[{"floor":3.0,"key":"Fruit Juice"},{"floor":3.0,"key":"SmokeBomb"},{"floor":6.0,"key":"SteroidPotion"},{"floor":7.0,"key":"Fire Potion"},{"floor":11.0,"key":"DuplicationPotion"},{"floor":12.0,"key":"ColorlessPotion"},{"floor":14.0,"key":"Fire Potion"},{"floor":16.0,"key":"PowerPotion"},{"floor":19.0,"key":"DistilledChaos"},{"floor":23.0,"key":"SteroidPotion"},{"floor":27.0,"key":"Ancient Potion"},{"floor":29,"key":"EssenceOfSteel"},{"floor":31,"key":"Strength Potion"},{"floor":37,"key":"Energy Potion"},{"floor":39,"key":"Block Potion"},{"floor":40,"key":"Regen Potion"}],"is_trial":false,"path_per_floor":["M","$","?","M","M","E","M","R","T","M","M","E","$","M","R","B",null,"M","?","$","?","M","E","R","M","T","E","$","E","M","M","R","B",null,"M","?","M","?","M","E","M","R","T","M","$","E","?","E","R","B",null],"character_chosen":"DEFECT","items_purchased":["Capacitor","Redo","Conserve Battery","OrangePellets","Glacier+1","Defragment"],"campfire_rested":1,"item_purchase_floors":[13,13,13,28,45,45],"current_hp_per_floor":[64,64,64,64,64,36,30,30,30,36,36,38,38,33,33,40,67,67,67,67,67,65,80,80,90,90,77,77,61,50,40,67,43,78,17,74,74,58,45,52,44,44,44,58,58,72,62,69,69,74],"gold":133,"neow_bonus":"THREE_ENEMY_KILL","is_prod":false,"is_daily":false,"chose_seed":false,"campfire_upgraded":3,"win_rate":0,"timestamp":1693180596,"path_taken":["M","$","?","M","?","E","M","R","T","M","?","E","?","M","R","BOSS","M","?","?","?","M","E","R","M","T","E","?","E","M","M","R","BOSS","M","?","M","?","M","E","M","R","T","M","$","E","?","E","R","BOSS"],"build_version":"2022-12-18","purchased_purges":2,"victory":true,"max_hp_per_floor":[71,71,71,71,71,76,76,76,76,76,76,76,76,76,76,76,76,76,76,76,76,76,90,90,90,90,90,90,90,90,90,90,90,90,90,74,74,74,74,74,74,74,74,74,74,74,74,74,74,74],"card_choices":[{"not_picked":["Chill","Melter"],"picked":"Hologram","floor":1.0},{"not_picked":["Redo","Coolheaded"],"picked":"Ball Lightning","floor":4.0},{"not_picked":["Steam Power","Stack"],"picked":"Doom and Gloom","floor":5.0},{"not_picked":["Ball Lightning","Go for the Eyes"],"picked":"Buffer","floor":6.0},{"not_picked":["Steam Power","Hologram"],"picked":"Self Repair","floor":7.0},{"not_picked":["Stack","Skim"],"picked":"Barrage","floor":10.0},{"not_picked":["Sweeping Beam","Genetic Algorithm"],"picked":"Steam Power","floor":11.0},{"not_picked":["Sweeping Beam","Melter"],"picked":"Creative AI","floor":12.0},{"not_picked":["Glacier","Turbo"],"picked":"Coolheaded","floor":14.0},{"not_picked":["All For One","Seek"],"picked":"Echo Form","floor":16.0},{"not_picked":["Ball Lightning","Blizzard"],"picked":"Reinforced Body+1","floor":18.0},{"not_picked":["Steam","Streamline","Genetic Algorithm+1"],"picked":"SKIP","floor":22.0},{"not_picked":["Leap","Chaos"],"picked":"Aggregate+1","floor":23.0},{"not_picked":["Turbo","Sweeping Beam"],"picked":"Storm","floor":25.0},{"not_picked":["Chaos","Undo"],"picked":"Amplify","floor":27.0},{"not_picked":["Auto Shields","Sweeping Beam+1"],"picked":"Go for the Eyes","floor":29},{"not_picked":["Streamline","Aggregate","Leap"],"picked":"SKIP","floor":30},{"not_picked":["White Noise","Barrage+1"],"picked":"Aggregate","floor":31},{"not_picked":["All For One","Seek"],"picked":"Thunder Strike","floor":33},{"not_picked":["Skim+1","Streamline+1"],"picked":"Consume+1","floor":35},{"not_picked":["Beam Cell","Fusion+1","Sweeping Beam+1"],"picked":"SKIP","floor":37},{"not_picked":["Heatsinks","Loop"],"picked":"Stack","floor":38},{"not_picked":["Sunder","Capacitor"],"picked":"Heatsinks+1","floor":39},{"not_picked":["Creative AI","Beam Cell+1","Scrape"],"picked":"SKIP","floor":40},{"not_picked":["Go for the Eyes+1","Stack+1"],"picked":"Defragment","floor":41},{"not_picked":["Aggregate+1","Sweeping Beam","Reinforced Body+1"],"picked":"SKIP","floor":44},{"not_picked":["Genetic Algorithm+1","Static Discharge"],"picked":"Hologram+1","floor":46},{"not_picked":["Finesse+1","Mayhem"],"picked":"PanicButton+1","floor":47},{"not_picked":["Jack Of All Trades+1","Transmutation+1"],"picked":"Enlightenment+1","floor":47},{"not_picked":["Sweeping Beam+1","Ball Lightning+1"],"picked":"Undo+1","floor":48}],"player_experience":866876,"relics_obtained":[{"floor":6.0,"key":"Anchor"},{"floor":9.0,"key":"Bag of Preparation"},{"floor":12.0,"key":"Vajra"},{"floor":23.0,"key":"Mango"},{"floor":26.0,"key":"MawBank"},{"floor":27.0,"key":"Potion Belt"},{"floor":29,"key":"Art of War"},{"floor":38,"key":"Girya"},{"floor":40,"key":"Toxic Egg 2"},{"floor":43,"key":"Kunai"},{"floor":46,"key":"Peace Pipe"},{"floor":48,"key":"Blood Vial"}],"event_choices":[{"damage_healed":0.0,"max_hp_gain":0.0,"max_hp_loss":0.0,"gold_gain":0.0,"event_name":"Lab","player_choice":"Got Potions","floor":3.0,"gold_loss":0.0,"damage_taken":0.0},{"damage_healed":0.0,"max_hp_gain":0.0,"max_hp_loss":0.0,"gold_gain":0.0,"event_name":"The Woman in Blue","player_choice":"Bought 1 Potion","floor":19.0,"gold_loss":0.0,"damage_taken":0.0},{"damage_healed":0.0,"max_hp_gain":0.0,"max_hp_loss":0.0,"gold_gain":0.0,"cards_transformed":["Strike_B","Defend_B"],"event_name":"Drug Dealer","player_choice":"Became Test Subject","floor":21.0,"gold_loss":0.0,"damage_taken":0.0,"cards_obtained":["Leap","Sunder"]},{"damage_healed":74,"gold_gain":0,"player_choice":"Heal","damage_taken":0,"max_hp_gain":0,"max_hp_loss":16,"event_name":"The Moai Head","floor":36,"gold_loss":0},{"damage_healed":0,"gold_gain":0,"player_choice":"Fight","damage_taken":0,"max_hp_gain":0,"max_hp_loss":0,"event_name":"MindBloom","floor":38,"gold_loss":0},{"damage_healed":0,"gold_gain":0,"player_choice":"Memory 3","damage_taken":10,"max_hp_gain":0,"max_hp_loss":0,"event_name":"SensoryStone","floor":47,"gold_loss":0}],"is_beta":false,"boss_relics":[{"not_picked":["Cursed Key","Calling Bell"],"picked":"Snecko Eye"},{"not_picked":["FrozenCore","Velvet Choker"],"picked":"Fusion Hammer"}],"items_purged_floors":[2,45],"is_endless":false,"potions_floor_spawned":[6,7,11,12,14,16,23,27,29,31,37,39,40,48],"ascension_level":17}