{"gold_per_floor":[109,127,127,138,151,151,187,187,213,213,88,108,151,38,38,126,126,147,175,118,143,162,199,199,241,292,319,331,331,372,90,90,174,174,193,246,268,290,308,343,343,384,455,486,502,526,177,186,186,186],"floor_reached":51,"playtime":3941,"items_purged":["Defend_B","Defend_B"],"score":1682,"play_id":"98b4ab2c-f59f-437b-bd30-70d8787d29ff","local_time":"20230926183138","is_ascension_mode":true,"campfire_choices":[{"data":"Apotheosis","floor":6.0,"key":"SMITH"},{"floor":8.0,"key":"REST"},{"data":"White Noise","floor":15.0,"key":"SMITH"},{"floor":24.0,"key":"REST"},{"floor":29.0,"key":"REST"},{"floor":32,"key":"RECALL"},{"floor":49,"key":"REST"}],"neow_cost":"TEN_PERCENT_HP_LOSS","seed_source_timestamp":0,"circlet_count":0,"master_deck":["AscendersBane","Strike_B","Strike_B","Defend_B","Zap+1","Dualcast","Apotheosis+1","Auto Shields+1","Defragment","Coolheaded","Hologram","Electrodynamics","Turbo","Chill","White Noise+1","Coolheaded","Self Repair","Biased Cognition","BootSequence+1","Compile Driver","Machine Learning","Streamline","Storm","Glacier","Capacitor","Heatsinks","Amplify","Creative AI","Steam Power","Rebound","Seek","Tempest","Panacea","Coolheaded","FTL+1","Panacea"],"special_seed":0,"relics":["Cracked Core","CeramicFish","Vajra","War Paint","Fusion Hammer","Oddly Smooth Stone","Bag of Preparation","Anchor","Shuriken","Mummified Hand","Runic Pyramid","Torii","Akabeko","Molten Egg 2","Kunai","Bag of Marbles"],"potions_floor_usage":[33,50,50],"damage_taken":[{"damage":4.0,"enemies":"Jaw Worm","floor":1.0,"turns":4.0},{"damage":3.0,"enemies":"Small Slimes","floor":2.0,"turns":3.0},{"damage":0.0,"enemies":"Cultist","floor":4.0,"turns":3.0},{"damage":0.0,"enemies":"Red Slaver","floor":5.0,"turns":3.0},{"damage":30.0,"enemies":"Gremlin Nob","floor":7.0,"turns":4.0},{"damage":1.0,"enemies":"Large Slime","floor":12.0,"turns":4.0},{"damage":12.0,"enemies":"Lagavulin","floor":13.0,"turns":6.0},{"damage":14.0,"enemies":"The Guardian","floor":16.0,"turns":12.0},{"damage":12.0,"enemies":"2 Thieves","floor":18.0,"turns":3.0},{"damage":8.0,"enemies":"Spheric Guardian","floor":19.0,"turns":4.0},{"damage":13.0,"enemies":"Snake Plant","floor":21.0,"turns":4.0},{"damage":13.0,"enemies":"Chosen and Byrds","floor":22.0,"turns":6.0},{"damage":6.0,"enemies":"Gremlin Leader","floor":23.0,"turns":5.0},{"damage":8.0,"enemies":"Slavers","floor":25.0,"turns":3.0},{"damage":0.0,"enemies":"Sentry and Sphere","floor":27.0,"turns":3.0},{"damage":3.0,"enemies":"Centurion and Healer","floor":28.0,"turns":6.0},{"damage":0.0,"enemies":"Book of Stabbing","floor":30.0,"turns":4.0},{"damage":12,"enemies":"Champ","floor":33,"turns":6},{"damage":0,"enemies":"3 Shapes","floor":35,"turns":3},{"damage":0,"enemies":"2 Orb Walkers","floor":36,"turns":1},{"damage":18,"enemies":"3 Darklings","floor":37,"turns":3},{"damage":11,"enemies":"Jaw Worm Horde","floor":38,"turns":4},{"damage":11,"enemies":"4 Shapes","floor":39,"turns":4},{"damage":1,"enemies":"Giant Head","floor":40,"turns":6},{"damage":0,"enemies":"Reptomancer","floor":42,"turns":3},{"damage":0,"enemies":"Nemesis","floor":44,"turns":3},{"damage":0,"enemies":"Maw","floor":45,"turns":4},{"damage":0,"enemies":"Writhing Mass","floor":46,"turns":2},{"damage":22,"enemies":"Time Eater","floor":50,"turns":6}],"seed_played":"3662592288881645782","potions_obtained":[{"floor":1.0,"key":"AttackPotion"},{"floor":5.0,"key":"Swift Potion"},{"floor":7.0,"key":"Ancient Potion"},{"floor":12.0,"key":"LiquidBronze"},{"floor":22.0,"key":"FocusPotion"},{"floor":27.0,"key":"Swift Potion"},{"floor":30.0,"key":"Energy Potion"},{"floor":33,"key":"FocusPotion"},{"floor":39,"key":"Weak Potion"}],"is_trial":false,"path_per_floor":["M","M","?","M","M","R","E","R","T","?","$","M","E","$","R","B",null,"M","M","?","M","M","E","R","E","T","M","M","R","E","$","R","B",null,"M","?","M","M","M","E","?","E","T","E","M","M","$","?","R","B",null],"character_chosen":"DEFECT","items_purchased":["Turbo","Coolheaded","Self Repair","Mummified Hand","Panacea","Coolheaded","FTL+1","GamblersBrew"],"campfire_rested":4,"item_purchase_floors":[11,14,14,31,47,47,47,47],"current_hp_per_floor":[60,57,50,50,50,50,20,39,39,34,34,33,21,21,21,14,52,40,42,42,39,26,27,46,38,38,45,52,64,64,64,64,62,64,64,64,64,64,60,64,61,61,61,61,61,61,61,51,61,49],"gold":186,"neow_bonus":"RANDOM_COLORLESS_2","is_prod":false,"is_daily":false,"chose_seed":false,"campfire_upgraded":2,"win_rate":0,"timestamp":1695778298,"path_taken":["M","M","?","M","M","R","E","R","T","?","?","M","E","$","R","BOSS","M","M","?","M","M","E","R","E","T","?","M","R","E","?","R","BOSS","M","?","M","M","M","E","?","E","T","E","M","M","$","?","R","BOSS"],"build_version":"2022-12-18","purchased_purges":2,"victory":true,"max_hp_per_floor":[64,64,64,64,64,64,64,64,64,64,64,64,64,64,64,64,64,64,64,64,64,64,64,64,64,64,64,64,64,64,64,64,64,64,64,64,64,64,64,64,61,61,61,61,61,61,61,61,61,61],"card_choices":[{"not_picked":["Transmutation","Metamorphosis"],"picked":"Apotheosis","floor":0.0},{"not_picked":["Steam","Skim"],"picked":"Auto Shields","floor":1.0},{"not_picked":["Barrage","Compile Driver"],"picked":"Defragment","floor":2.0},{"not_picked":["Gash","Consume"],"picked":"Coolheaded","floor":4.0},{"not_picked":["Redo","Coolheaded"],"picked":"Hologram","floor":5.0},{"not_picked":["Beam Cell","Turbo"],"picked":"Electrodynamics","floor":7.0},{"not_picked":["Turbo","Redo"],"picked":"Chill","floor":12.0},{"not_picked":["Hologram","Chill"],"picked":"White Noise","floor":13.0},{"not_picked":["Meteor Strike","Multi-Cast"],"picked":"Biased Cognition","floor":16.0},{"not_picked":["Storm","Beam Cell"],"picked":"BootSequence+1","floor":18.0},{"not_picked":["Rebound","Storm"],"picked":"Compile Driver","floor":19.0},{"not_picked":["Conserve Battery","BootSequence"],"picked":"Storm","floor":21.0},{"not_picked":["Compile Driver","Barrage","Sweeping Beam"],"picked":"SKIP","floor":22.0},{"not_picked":["Buffer","Skim"],"picked":"Glacier","floor":23.0},{"not_picked":["Melter","Skim"],"picked":"Capacitor","floor":25.0},{"not_picked":["Stack","Melter"],"picked":"Heatsinks","floor":27.0},{"not_picked":["Cold Snap","Leap","Sunder"],"picked":"SKIP","floor":28.0},{"not_picked":["Go for the Eyes","Recycle"],"picked":"Amplify","floor":30.0},{"not_picked":["Seek","Multi-Cast"],"picked":"Creative AI","floor":33},{"not_picked":["Barrage","Glacier","Rip and Tear+1"],"picked":"SKIP","floor":35},{"not_picked":["Reprogram","Gash+1"],"picked":"Steam Power","floor":37},{"not_picked":["Gash","Loop"],"picked":"Rebound","floor":38},{"not_picked":["Barrage","Turbo+1","Redo+1"],"picked":"SKIP","floor":39},{"not_picked":["Beam Cell","BootSequence+1","Go for the Eyes"],"picked":"SKIP","floor":40},{"not_picked":["Streamline+1","Defragment"],"picked":"Seek","floor":42},{"not_picked":["Conserve Battery","Heatsinks","Sweeping Beam+1"],"picked":"SKIP","floor":44},{"not_picked":["Barrage+1","Go for the Eyes+1","Hologram+1"],"picked":"SKIP","floor":45},{"not_picked":["Turbo","Gash+1"],"picked":"Tempest","floor":46},{"not_picked":["Mind Blast+1","Panache"],"picked":"Panacea","floor":48}],"player_experience":905407,"relics_obtained":[{"floor":7.0,"key":"CeramicFish"},{"floor":9.0,"key":"Vajra"},{"floor":13.0,"key":"War Paint"},{"floor":23.0,"key":"Oddly Smooth Stone"},{"floor":25.0,"key":"Bag of Preparation"},{"floor":26.0,"key":"Anchor"},{"floor":30.0,"key":"Shuriken"},{"floor":36,"key":"Torii"},{"floor":40,"key":"Akabeko"},{"floor":42,"key":"Molten Egg 2"},{"floor":43,"key":"Kunai"},{"floor":44,"key":"Bag of Marbles"}],"event_choices":[{"cards_removed":["Strike_B"],"damage_healed":0.0,"max_hp_gain":0.0,"max_hp_loss":0.0,"gold_gain":0.0,"event_name":"Golden Wing","player_choice":"Card Removal","floor":3.0,"gold_loss":0.0,"damage_taken":7.0},{"damage_healed":0.0,"max_hp_gain":0.0,"max_hp_loss":0.0,"gold_gain":0.0,"event_name":"Scrap Ooze","player_choice":"Fled","floor":10.0,"gold_loss":0.0,"damage_taken":5.0},{"damage_healed":0.0,"max_hp_gain":0.0,"max_hp_loss":0.0,"gold_gain":0.0,"cards_transformed":["Strike_B","Defend_B"],"event_name":"Designer","player_choice":"Transformed Cards","floor":20.0,"gold_loss":75.0,"damage_taken":0.0,"cards_obtained":["Machine Learning","Streamline"]},{"damage_healed":0,"gold_gain":0,"player_choice":"Fight","damage_taken":0,"max_hp_gain":0,"max_hp_loss":0,"event_name":"Mysterious Sphere","floor":36,"gold_loss":0},{"damage_healed":0,"gold_gain":0,"player_choice":"Max HP","damage_taken":0,"max_hp_gain":0,"max_hp_loss":3,"event_name":"Winding Halls","floor":41,"gold_loss":0},{"damage_healed":0,"gold_gain":0,"player_choice":"Memory 3","damage_taken":10,"max_hp_gain":0,"max_hp_loss":0,"event_name":"SensoryStone","floor":48,"gold_loss":0}],"is_beta":false,"boss_relics":[{"not_picked":["Empty Cage","Coffee Dripper"],"picked":"Fusion Hammer"},{"not_picked":["SacredBark","Sozu"],"picked":"Runic Pyramid"}],"items_purged_floors":[11,47],"is_endless":false,"potions_floor_spawned":[1,5,7,12,22,23,27,30,33,37,38,39,40],"ascension_level":18}