{"gold_per_floor":[115,40,40,56,71,98,22,22,77,91,91,91,91,104,104,104],"floor_reached":16,"playtime":663,"items_purged":["Defend_B"],"score":215,"play_id":"f48b2aa3-2946-4968-9544-2227782e7d49","local_time":"20231014131714","is_ascension_mode":true,"campfire_choices":[{"floor":11,"key":"REST"},{"floor":15,"key":"REST"}],"neow_cost":"NONE","seed_source_timestamp":0,"circlet_count":0,"master_deck":["AscendersBane","Strike_B","Strike_B","Strike_B","Defend_B","Defend_B","Defend_B","Zap","Dualcast","Conserve Battery","Decay","Rebound","Gash","Defragment","Steam","Hologram"],"special_seed":0,"relics":["Cracked Core","NeowsBlessing","Boot","Smiling Mask"],"potions_floor_usage":[6,13,13],"damage_taken":[{"damage":0.0,"enemies":"Jaw Worm","floor":1.0,"turns":1.0},{"damage":0.0,"enemies":"Cultist","floor":4.0,"turns":1.0},{"damage":0.0,"enemies":"2 Louse","floor":5.0,"turns":1.0},{"damage":47,"enemies":"Lagavulin","floor":6,"turns":8},{"damage":12,"enemies":"Looter","floor":10,"turns":3},{"damage":1,"enemies":"Gremlin Nob","floor":13,"turns":3},{"damage":20,"enemies":"Gremlin Gang","floor":14,"turns":4},{"damage":38,"enemies":"The Guardian","floor":16,"turns":2}],"seed_played":"1978942296165213061","potions_obtained":[{"floor":4.0,"key":"DistilledChaos"},{"floor":6,"key":"BlessingOfTheForge"},{"floor":10,"key":"SmokeBomb"}],"is_trial":false,"path_per_floor":["M","$","?","M","M","E","$","?","T","M","R","?","E","M","R","B"],"character_chosen":"DEFECT","items_purchased":["Defragment"],"campfire_rested":2,"item_purchase_floors":[7],"current_hp_per_floor":[64,64,64,64,64,17,17,17,17,5,26,26,25,5,26,0],"gold":104,"neow_bonus":"THREE_ENEMY_KILL","is_prod":false,"is_daily":false,"chose_seed":false,"campfire_upgraded":0,"win_rate":0,"timestamp":1697314634,"path_taken":["M","$","?","?","M","E","$","?","T","M","R","?","E","M","R","BOSS"],"build_version":"2022-12-18","purchased_purges":1,"victory":false,"max_hp_per_floor":[71,71,71,71,71,71,71,71,71,71,71,71,71,71,71,71],"card_choices":[{"not_picked":["Streamline","Coolheaded"],"picked":"Conserve Battery","floor":1.0},{"not_picked":["Force Field","Capacitor","Hello World"],"picked":"SKIP","floor":4.0},{"not_picked":["Chill","Hello World"],"picked":"Rebound","floor":5.0},{"not_picked":["Rebound","Hello World"],"picked":"Gash","floor":6},{"not_picked":["Streamline","Aggregate","Melter"],"picked":"SKIP","floor":10},{"not_picked":["Conserve Battery","Skim"],"picked":"Hologram","floor":14}],"player_experience":922734,"relics_obtained":[{"floor":6,"key":"Boot"},{"floor":9,"key":"Smiling Mask"}],"event_choices":[{"damage_healed":0.0,"max_hp_gain":0.0,"max_hp_loss":0.0,"gold_gain":0.0,"event_name":"Wheel of Change","player_choice":"Cursed","floor":3.0,"gold_loss":0.0,"damage_taken":0.0,"cards_obtained":["Decay"]},{"damage_healed":0,"gold_gain":0,"player_choice":"Ignored","damage_taken":0,"max_hp_gain":0,"max_hp_loss":0,"event_name":"Shining Light","floor":8,"gold_loss":0},{"damage_healed":0,"gold_gain":0,"cards_transformed":["Strike_B"],"player_choice":"Transformed","damage_taken":0,"max_hp_gain":0,"max_hp_loss":0,"event_name":"Transmorgrifier","floor":12,"gold_loss":0,"cards_obtained":["Steam"]}],"is_beta":false,"boss_relics":[],"items_purged_floors":[2],"is_endless":false,"potions_floor_spawned":[4,6,10],"killed_by":"The Guardian","ascension_level":19}