{"gold_per_floor":[119,133,143,68,87,87,122,142,168,168,168,15,15,28,28,28],"floor_reached":16,"playtime":753,"items_purged":["Doubt","Defend_B"],"score":199,"play_id":"f3e026da-3f03-4e5c-a760-b8d00214ab9d","local_time":"20240120111322","is_ascension_mode":true,"campfire_choices":[{"data":"Streamline","floor":6.0,"key":"SMITH"},{"floor":10.0,"key":"REST"},{"floor":13,"key":"REST"},{"data":"Hologram","floor":15,"key":"SMITH"}],"neow_cost":"CURSE","seed_source_timestamp":538206173818400,"circlet_count":0,"master_deck":["AscendersBane","Strike_B","Strike_B","Strike_B","Strike_B","Defend_B","Defend_B","Defend_B","Zap","Dualcast","Conserve Battery","Streamline+1","Beam Cell","Gash","Genetic Algorithm","Hologram+1","Auto Shields","Steam","Turbo","Hyperbeam"],"special_seed":0,"relics":["Cracked Core","Prayer Wheel","StrikeDummy","Ancient Tea Set","Blood Vial"],"potions_floor_usage":[14,16],"damage_taken":[{"damage":1.0,"enemies":"Cultist","floor":1.0,"turns":4.0},{"damage":7.0,"enemies":"Jaw Worm","floor":2.0,"turns":3.0},{"damage":0.0,"enemies":"2 Louse","floor":3.0,"turns":2.0},{"damage":22.0,"enemies":"Exordium Thugs","floor":5.0,"turns":5.0},{"damage":25.0,"enemies":"3 Sentries","floor":7.0,"turns":6.0},{"damage":8.0,"enemies":"3 Louse","floor":8.0,"turns":3.0},{"damage":3,"enemies":"Large Slime","floor":14,"turns":6},{"damage":35,"enemies":"Hexaghost","floor":16,"turns":9}],"seed_played":"-1649787071521329057","potions_obtained":[{"floor":3.0,"key":"DuplicationPotion"},{"floor":5.0,"key":"BlessingOfTheForge"}],"is_trial":false,"path_per_floor":["M","M","M","$","M","R","E","M","T","R","?","$","R","M","R","B"],"character_chosen":"DEFECT","items_purchased":["PowerPotion"],"campfire_rested":2,"item_purchase_floors":[12],"current_hp_per_floor":[63,56,56,56,34,34,9,1,1,22,11,11,32,31,31,0],"gold":28,"neow_bonus":"ONE_RARE_RELIC","is_prod":false,"is_daily":false,"chose_seed":false,"campfire_upgraded":2,"win_rate":0,"timestamp":1705778002,"path_taken":["M","M","?","$","M","R","E","M","T","R","?","$","R","M","R","BOSS"],"build_version":"2022-12-18","purchased_purges":2,"victory":false,"max_hp_per_floor":[71,71,71,71,71,71,71,71,71,71,71,71,71,71,71,71],"card_choices":[{"not_picked":["Cold Snap","Steam"],"picked":"Conserve Battery","floor":1.0},{"not_picked":["Buffer","Stack"],"picked":"Streamline","floor":1.0},{"not_picked":["Coolheaded","Rebound"],"picked":"Beam Cell","floor":2.0},{"not_picked":["Rebound","Loop"],"picked":"Gash","floor":2.0},{"not_picked":["Streamline","Turbo"],"picked":"Genetic Algorithm","floor":3.0},{"not_picked":["Rebound","Turbo","Conserve Battery"],"picked":"SKIP","floor":3.0},{"not_picked":["Rebound","Turbo","Conserve Battery"],"picked":"SKIP","floor":3.0},{"not_picked":["Rebound","Lockon"],"picked":"Hologram","floor":5.0},{"not_picked":["Turbo","Genetic Algorithm","Multi-Cast"],"picked":"SKIP","floor":5.0},{"not_picked":["Turbo","Genetic Algorithm","Multi-Cast"],"picked":"SKIP","floor":5.0},{"not_picked":["Rip and Tear","Streamline","Genetic Algorithm"],"picked":"SKIP","floor":7.0},{"not_picked":["Streamline","Cold Snap"],"picked":"Auto Shields","floor":8.0},{"not_picked":["Go for the Eyes","Melter"],"picked":"Steam","floor":8.0},{"not_picked":["Chaos","Loop"],"picked":"Turbo","floor":14},{"not_picked":["Beam Cell","Defragment"],"picked":"Hyperbeam","floor":14}],"player_experience":994890,"relics_obtained":[{"floor":7.0,"key":"StrikeDummy"},{"floor":9.0,"key":"Ancient Tea Set"}],"event_choices":[{"damage_healed":0.0,"max_hp_gain":0.0,"max_hp_loss":0.0,"gold_gain":0.0,"event_name":"Scrap Ooze","player_choice":"Success","floor":11.0,"gold_loss":0.0,"damage_taken":11.0,"relics_obtained":["Blood Vial"]}],"is_beta":false,"boss_relics":[],"items_purged_floors":[4,12],"is_endless":false,"potions_floor_spawned":[3,5],"killed_by":"Hexaghost","ascension_level":19}