{"gold_per_floor":[118,118,118,168,188,224,224,263,289,303,303,74,109,132,132,222,222,242,260,273,68,68],"floor_reached":22,"playtime":767,"items_purged":[],"score":458,"play_id":"0585fc53-4b3a-47a7-81ce-c14c5f331973","local_time":"20240215202235","is_ascension_mode":true,"campfire_choices":[{"floor":7.0,"key":"REST"},{"data":"Chaos","floor":11.0,"key":"SMITH"},{"floor":15,"key":"REST"}],"neow_cost":"NONE","seed_source_timestamp":2185660750204400,"circlet_count":0,"master_deck":["AscendersBane","Zap","Dualcast","Conserve Battery","Doom and Gloom","Ball Lightning","Chaos+1","Barrage","Steam","Reboot","White Noise","Conserve Battery","Rip and Tear","Hyperbeam","Cold Snap","Steam Power","Cold Snap","Rip and Tear","Leap","Coolheaded","Apotheosis"],"special_seed":0,"relics":["Cracked Core","NeowsBlessing","Golden Idol","Lantern","Tiny Chest","Potion Belt","Pen Nib","Ginger","Pandora\u0027s Box"],"potions_floor_usage":[16,18,20,20],"damage_taken":[{"damage":0.0,"enemies":"Cultist","floor":1.0,"turns":1.0},{"damage":0.0,"enemies":"Jaw Worm","floor":5.0,"turns":1.0},{"damage":0.0,"enemies":"Lagavulin","floor":6.0,"turns":1.0},{"damage":15.0,"enemies":"3 Sentries","floor":8.0,"turns":5.0},{"damage":0.0,"enemies":"2 Louse","floor":10.0,"turns":2.0},{"damage":17,"enemies":"Lagavulin","floor":13,"turns":7},{"damage":0,"enemies":"Gremlin Gang","floor":14,"turns":4},{"damage":26,"enemies":"The Guardian","floor":16,"turns":10},{"damage":11,"enemies":"2 Thieves","floor":18,"turns":2},{"damage":15,"enemies":"Shell Parasite","floor":19,"turns":6},{"damage":18,"enemies":"Chosen and Byrds","floor":20,"turns":5},{"damage":20,"enemies":"Cultist and Chosen","floor":22,"turns":3}],"seed_played":"7974338177901397331","potions_obtained":[{"floor":1.0,"key":"Fruit Juice"},{"floor":8.0,"key":"Energy Potion"},{"floor":14,"key":"BlessingOfTheForge"},{"floor":18,"key":"PowerPotion"}],"is_trial":false,"path_per_floor":["M","?","?","?","M","E","R","E","T","M","R","$","E","M","R","B",null,"M","M","M","$","M"],"character_chosen":"DEFECT","items_purchased":["Pen Nib","Steam","Apotheosis"],"campfire_rested":2,"item_purchase_floors":[12,12,21],"current_hp_per_floor":[64,40,33,26,26,26,47,32,32,32,32,32,15,15,36,10,56,45,30,17,17,0],"gold":68,"neow_bonus":"THREE_ENEMY_KILL","is_prod":false,"is_daily":false,"chose_seed":false,"campfire_upgraded":1,"win_rate":0,"timestamp":1708057355,"path_taken":["M","?","?","?","M","E","R","E","T","M","R","$","E","M","R","BOSS","M","?","M","$","M"],"build_version":"2022-12-18","purchased_purges":0,"victory":false,"max_hp_per_floor":[71,71,71,71,71,71,71,71,71,71,71,71,71,71,71,71,71,71,71,76,76,76],"card_choices":[{"not_picked":["Static Discharge","Chill"],"picked":"Conserve Battery","floor":1.0},{"not_picked":["Turbo","Gash"],"picked":"Doom and Gloom","floor":5.0},{"not_picked":["Steam","Hologram"],"picked":"Ball Lightning","floor":6.0},{"not_picked":["Streamline","Sweeping Beam"],"picked":"Chaos","floor":8.0},{"not_picked":["Gash","Storm"],"picked":"Barrage","floor":10.0},{"not_picked":["Genetic Algorithm","Conserve Battery"],"picked":"Reboot","floor":13},{"not_picked":["Barrage","Rebound"],"picked":"White Noise","floor":14},{"not_picked":["Steam","Conserve Battery"],"picked":"Leap","floor":18},{"not_picked":["White Noise","Lockon"],"picked":"Coolheaded","floor":19},{"not_picked":["Rebound","Barrage","Stack"],"picked":"SKIP","floor":20}],"player_experience":1014444,"relics_obtained":[{"floor":6.0,"key":"Lantern"},{"floor":8.0,"key":"Tiny Chest"},{"floor":9.0,"key":"Potion Belt"},{"floor":13,"key":"Ginger"}],"event_choices":[{"damage_healed":0.0,"max_hp_gain":0.0,"max_hp_loss":0.0,"gold_gain":0.0,"event_name":"Golden Idol","player_choice":"Take Damage","floor":2.0,"gold_loss":0.0,"damage_taken":24.0,"relics_obtained":["Golden Idol"]},{"cards_removed":["Defend_B"],"damage_healed":0.0,"max_hp_gain":0.0,"max_hp_loss":0.0,"gold_gain":0.0,"event_name":"Golden Wing","player_choice":"Card Removal","floor":3.0,"gold_loss":0.0,"damage_taken":7.0},{"damage_healed":0.0,"max_hp_gain":0.0,"max_hp_loss":0.0,"gold_gain":50.0,"event_name":"FaceTrader","player_choice":"Touch","floor":4.0,"gold_loss":0.0,"damage_taken":7.0}],"is_beta":false,"boss_relics":[{"not_picked":["Philosopher\u0027s Stone","Coffee Dripper"],"picked":"Pandora\u0027s Box"}],"items_purged_floors":[],"is_endless":false,"potions_floor_spawned":[1,8,14,18],"killed_by":"Cultist and Chosen","ascension_level":20}