{"gold_per_floor":[118,137,148,148,161,188,188,25,76,76,106,117,129,149,149,224,224,239,255,255,267,21,21,21,21],"floor_reached":25,"playtime":1051,"items_purged":[],"score":410,"play_id":"7b2bb221-471f-4f65-8469-03d3071578e0","local_time":"20240226164946","is_ascension_mode":true,"campfire_choices":[{"data":"Zap","floor":7.0,"key":"SMITH"},{"data":"Hologram","floor":10.0,"key":"SMITH"},{"floor":15,"key":"REST"},{"floor":23,"key":"REST"}],"neow_cost":"NONE","seed_source_timestamp":429774800158400,"circlet_count":0,"master_deck":["AscendersBane","Strike_B","Strike_B","Strike_B","Strike_B","Defend_B","Defend_B","Defend_B","Defend_B","Zap+1","Dualcast","Sweeping Beam","Doom and Gloom","Hologram+1","Coolheaded","Auto Shields","Cold Snap","Ball Lightning","Seek","Coolheaded","Go for the Eyes","Double Energy","Defragment","Glacier","Steam","Blizzard","Capacitor"],"special_seed":0,"relics":["FrozenCore","HornCleat","OrangePellets","Akabeko","Orrery"],"potions_floor_usage":[16,16,19,25],"damage_taken":[{"damage":1.0,"enemies":"Cultist","floor":1.0,"turns":3.0},{"damage":0.0,"enemies":"Small Slimes","floor":2.0,"turns":3.0},{"damage":7.0,"enemies":"Jaw Worm","floor":3.0,"turns":3.0},{"damage":5.0,"enemies":"Large Slime","floor":5.0,"turns":5.0},{"damage":33.0,"enemies":"3 Sentries","floor":6.0,"turns":7.0},{"damage":0.0,"enemies":"2 Fungi Beasts","floor":12.0,"turns":2.0},{"damage":0,"enemies":"Gremlin Gang","floor":13,"turns":2},{"damage":3,"enemies":"Large Slime","floor":14,"turns":3},{"damage":30,"enemies":"Slime Boss","floor":16,"turns":8},{"damage":9,"enemies":"2 Thieves","floor":18,"turns":3},{"damage":5,"enemies":"3 Byrds","floor":19,"turns":6},{"damage":30,"enemies":"Snecko","floor":21,"turns":7},{"damage":32,"enemies":"Book of Stabbing","floor":25,"turns":7}],"seed_played":"-5883162896093098282","potions_obtained":[{"floor":1.0,"key":"PowerPotion"},{"floor":2.0,"key":"Fire Potion"},{"floor":14,"key":"Block Potion"},{"floor":18,"key":"ColorlessPotion"},{"floor":21,"key":"AttackPotion"}],"is_trial":false,"path_per_floor":["M","M","M","?","M","E","R","$","T","R","?","M","M","M","R","B",null,"M","M","?","M","$","R","?","E"],"character_chosen":"DEFECT","items_purchased":["OrangePellets","Orrery","Capacitor"],"campfire_rested":2,"item_purchase_floors":[8,22,22],"current_hp_per_floor":[63,63,56,56,51,18,18,18,18,18,18,18,18,15,36,6,55,46,41,41,11,11,32,32,0],"gold":21,"neow_bonus":"THREE_CARDS","is_prod":false,"is_daily":false,"chose_seed":false,"campfire_upgraded":2,"win_rate":0,"timestamp":1708994986,"path_taken":["M","M","?","?","M","E","R","$","T","R","?","M","M","M","R","BOSS","M","M","?","M","$","R","?","E"],"build_version":"2022-12-18","purchased_purges":0,"victory":false,"max_hp_per_floor":[71,71,71,71,71,71,71,71,71,71,71,71,71,71,71,71,71,71,71,71,71,71,71,71,71],"card_choices":[{"not_picked":["Turbo","Gash"],"picked":"Sweeping Beam","floor":0.0},{"not_picked":["Leap","Beam Cell"],"picked":"Doom and Gloom","floor":1.0},{"not_picked":["Sweeping Beam","Heatsinks"],"picked":"Hologram","floor":2.0},{"not_picked":["Go for the Eyes","Sweeping Beam"],"picked":"Coolheaded","floor":3.0},{"not_picked":["Compile Driver","Amplify"],"picked":"Auto Shields","floor":5.0},{"not_picked":["Tempest","Hologram","Rip and Tear"],"picked":"SKIP","floor":6.0},{"not_picked":["Barrage","Gash","Stack"],"picked":"SKIP","floor":12.0},{"not_picked":["Consume","Steam"],"picked":"Cold Snap","floor":13},{"not_picked":["Leap","Recycle"],"picked":"Ball Lightning","floor":14},{"not_picked":["Core Surge","Machine Learning"],"picked":"Seek","floor":16},{"not_picked":["Stack+1","Tempest"],"picked":"Coolheaded","floor":18},{"not_picked":["Beam Cell","Streamline"],"picked":"Go for the Eyes","floor":19},{"not_picked":["Sweeping Beam","Compile Driver"],"picked":"Double Energy","floor":21},{"not_picked":["Thunder Strike","Leap"],"picked":"Defragment","floor":22},{"not_picked":["Beam Cell","Leap"],"picked":"Glacier","floor":22},{"not_picked":["Beam Cell","Steam Power"],"picked":"Steam","floor":22},{"not_picked":["Beam Cell","Fusion"],"picked":"Blizzard","floor":22}],"player_experience":1020303,"relics_obtained":[{"floor":6.0,"key":"HornCleat"},{"floor":9.0,"key":"Akabeko"}],"event_choices":[{"damage_healed":0.0,"max_hp_gain":0.0,"max_hp_loss":0.0,"gold_gain":0.0,"event_name":"Liars Game","player_choice":"Ignored","floor":4.0,"gold_loss":0.0,"damage_taken":0.0},{"damage_healed":0.0,"max_hp_gain":0.0,"max_hp_loss":0.0,"gold_gain":30.0,"event_name":"Dead Adventurer","player_choice":"Searched \u00271\u0027 times","floor":11.0,"gold_loss":0.0,"damage_taken":0.0},{"damage_healed":0,"gold_gain":0,"player_choice":"Ignored","damage_taken":0,"max_hp_gain":0,"max_hp_loss":0,"event_name":"Vampires","floor":20,"gold_loss":0}],"is_beta":false,"boss_relics":[{"not_picked":["Fusion Hammer","SlaversCollar"],"picked":"FrozenCore"}],"items_purged_floors":[],"is_endless":false,"potions_floor_spawned":[1,2,14,18,21],"killed_by":"Book of Stabbing","ascension_level":20}