{"gold_per_floor":[20,20,34,34,54,54,70,70,70,91,126,201,214,252,252,342,342,361,340,361,27,27,27,27,27,27,27,27],"floor_reached":28,"playtime":895,"items_purged":[],"score":456,"play_id":"744ff32c-8074-4a78-96da-77d819b25470","local_time":"20240225191830","is_ascension_mode":true,"campfire_choices":[{"data":"Hyperbeam","floor":6.0,"key":"SMITH"},{"data":"Rip and Tear","floor":8.0,"key":"SMITH"},{"data":"Zap","floor":15.0,"key":"PURGE"},{"floor":23,"key":"DIG"},{"data":"Reprogram","floor":25,"key":"SMITH"}],"neow_cost":"NO_GOLD","seed_source_timestamp":0,"circlet_count":0,"master_deck":["AscendersBane","Strike_B","Strike_B","Strike_B","Strike_B","Defend_B","Defend_B","Defend_B","Defend_B","Dualcast","Hyperbeam+1","Sweeping Beam","Leap","Conserve Battery","Rip and Tear+1","Go for the Eyes","Machine Learning","Echo Form","Conserve Battery","Hologram","Reprogram+1"],"special_seed":0,"relics":["Cracked Core","Bloody Idol","Peace Pipe","Shovel","Bag of Marbles","Black Star","Membership Card","Gambling Chip","Orichalcum","Singing Bowl"],"potions_floor_usage":[28],"damage_taken":[{"damage":0.0,"enemies":"Cultist","floor":1.0,"turns":2.0},{"damage":7.0,"enemies":"Jaw Worm","floor":3.0,"turns":4.0},{"damage":0.0,"enemies":"2 Louse","floor":5.0,"turns":1.0},{"damage":0.0,"enemies":"Looter","floor":7.0,"turns":3.0},{"damage":0.0,"enemies":"Exordium Wildlife","floor":10.0,"turns":1.0},{"damage":6.0,"enemies":"3 Sentries","floor":11.0,"turns":3.0},{"damage":0.0,"enemies":"Exordium Thugs","floor":13.0,"turns":3.0},{"damage":14.0,"enemies":"Lagavulin","floor":14.0,"turns":5.0},{"damage":25.0,"enemies":"Hexaghost","floor":16.0,"turns":11.0},{"damage":19.0,"enemies":"Chosen","floor":18.0,"turns":4.0},{"damage":27.0,"enemies":"2 Thieves","floor":19.0,"turns":4.0},{"damage":0,"enemies":"Snecko","floor":20,"turns":7},{"damage":24,"enemies":"Book of Stabbing","floor":28,"turns":7}],"seed_played":"-4676713391631090031","potions_obtained":[{"floor":1.0,"key":"SpeedPotion"},{"floor":3.0,"key":"GamblersBrew"},{"floor":19.0,"key":"Energy Potion"}],"is_trial":false,"path_per_floor":["M","?","M","?","M","R","M","R","T","M","E","?","M","E","R","B",null,"M","M","M","$","?","R","?","R","T","$","E"],"character_chosen":"DEFECT","items_purchased":["Membership Card","Gambling Chip"],"campfire_rested":0,"item_purchase_floors":[21,21],"current_hp_per_floor":[64,64,57,62,62,62,62,62,62,62,56,45,45,31,31,6,53,34,7,7,7,21,21,21,21,21,21,0],"gold":27,"neow_bonus":"THREE_RARE_CARDS","is_prod":false,"is_daily":false,"chose_seed":false,"campfire_upgraded":3,"win_rate":0,"timestamp":1708917510,"path_taken":["M","?","M","?","M","R","M","R","T","M","E","?","M","E","R","BOSS","M","M","M","$","?","R","?","R","T","?","E"],"build_version":"2022-12-18","purchased_purges":0,"victory":false,"max_hp_per_floor":[71,64,64,69,69,69,69,69,69,69,69,69,69,69,69,69,69,69,69,69,69,69,69,69,69,69,69,69],"card_choices":[{"not_picked":["Echo Form","Rainbow"],"picked":"Hyperbeam","floor":0.0},{"not_picked":["Melter","Hello World"],"picked":"Sweeping Beam","floor":1.0},{"not_picked":["Coolheaded","Turbo"],"picked":"Leap","floor":3.0},{"not_picked":["Compile Driver","Sweeping Beam"],"picked":"Conserve Battery","floor":5.0},{"not_picked":["Leap","All For One"],"picked":"Rip and Tear","floor":7.0},{"not_picked":["Cold Snap","White Noise"],"picked":"Go for the Eyes","floor":10.0},{"not_picked":["Barrage","Ball Lightning"],"picked":"Machine Learning","floor":11.0},{"not_picked":["Coolheaded","Redo","Darkness"],"picked":"SKIP","floor":13.0},{"not_picked":["Meteor Strike","Consume","Streamline"],"picked":"SKIP","floor":14.0},{"not_picked":["Rainbow","Buffer"],"picked":"Echo Form","floor":16.0},{"not_picked":["Tempest","Redo+1"],"picked":"Conserve Battery","floor":18.0},{"not_picked":["Conserve Battery","FTL"],"picked":"Hologram","floor":19.0},{"not_picked":["Beam Cell","Cold Snap"],"picked":"Reprogram","floor":20}],"player_experience":1018853,"relics_obtained":[{"floor":9.0,"key":"Peace Pipe"},{"floor":11.0,"key":"Shovel"},{"floor":14.0,"key":"Bag of Marbles"},{"floor":23,"key":"Orichalcum"},{"floor":26,"key":"Singing Bowl"}],"event_choices":[{"damage_healed":0.0,"max_hp_gain":0.0,"max_hp_loss":7.0,"gold_gain":0.0,"event_name":"Golden Idol","player_choice":"Lose Max HP","floor":2.0,"gold_loss":0.0,"damage_taken":0.0,"relics_obtained":["Golden Idol"]},{"damage_healed":0.0,"max_hp_gain":5.0,"max_hp_loss":0.0,"gold_gain":0.0,"event_name":"Big Fish","player_choice":"Donut","floor":4.0,"gold_loss":0.0,"damage_taken":0.0},{"damage_healed":0.0,"max_hp_gain":0.0,"max_hp_loss":0.0,"gold_gain":75.0,"event_name":"World of Goop","player_choice":"Gather Gold","floor":12.0,"gold_loss":0.0,"damage_taken":11.0},{"damage_healed":14,"gold_gain":0,"player_choice":"Heal","damage_taken":0,"max_hp_gain":0,"max_hp_loss":0,"event_name":"The Library","floor":22,"gold_loss":0},{"damage_healed":0,"gold_gain":0,"player_choice":"Gave Idol","damage_taken":0,"relics_obtained":["Bloody Idol"],"max_hp_gain":0,"max_hp_loss":0,"event_name":"Forgotten Altar","floor":24,"relics_lost":["Golden Idol"],"gold_loss":0}],"is_beta":false,"boss_relics":[{"not_picked":["Pandora\u0027s Box","Inserter"],"picked":"Black Star"}],"items_purged_floors":[],"is_endless":false,"potions_floor_spawned":[1,3,14,19],"killed_by":"Book of Stabbing","ascension_level":20}