{"gold_per_floor":[112,125,139,152,152,152,183,202,202,202,33,33,50,76,76,152,152,172,190,190,210,48,48,82,98,98,117,151,151,41,60,60,137,137,148,164,178,178,196,196,224,224,248,248,262,277,277,277],"floor_reached":48,"playtime":2687,"items_purged":[],"score":1057,"play_id":"42e205d4-98df-47fb-af9c-134906bf52b7","local_time":"20240314172341","is_ascension_mode":true,"campfire_choices":[{"data":"Lockon","floor":6.0,"key":"SMITH"},{"data":"Rainbow","floor":12.0,"key":"SMITH"},{"data":"Hologram","floor":15.0,"key":"SMITH"},{"floor":23.0,"key":"REST"},{"floor":29.0,"key":"REST"},{"floor":32.0,"key":"REST"},{"data":"Creative AI","floor":40.0,"key":"SMITH"},{"floor":42.0,"key":"REST"},{"floor":47.0,"key":"REST"}],"neow_cost":"NONE","seed_source_timestamp":0,"circlet_count":0,"master_deck":["AscendersBane","Strike_B","Strike_B+1","Strike_B","Strike_B","Defend_B","Defend_B","Zap","Dualcast","Rip and Tear","Lockon+1","Ball Lightning","Go for the Eyes","Rainbow+1","Coolheaded","Redo","Conserve Battery","Hologram+1","Coolheaded","Turbo","Tempest","Creative AI+1","Coolheaded","Aggregate","Reinforced Body","Coolheaded","BootSequence+1","Biased Cognition","Parasite","Chill","Hologram"],"special_seed":0,"relics":["Velvet Choker","DataDisk","Shuriken","Orrery","Orichalcum","SacredBark","OrangePellets","HornCleat","Strawberry","Mercury Hourglass","Cursed Key","Sundial","Regal Pillow"],"potions_floor_usage":[48],"damage_taken":[{"damage":2.0,"enemies":"Jaw Worm","floor":1.0,"turns":3.0},{"damage":3.0,"enemies":"2 Louse","floor":2.0,"turns":2.0},{"damage":0.0,"enemies":"Cultist","floor":3.0,"turns":2.0},{"damage":9.0,"enemies":"Large Slime","floor":4.0,"turns":5.0},{"damage":6.0,"enemies":"Gremlin Nob","floor":7.0,"turns":3.0},{"damage":0.0,"enemies":"Gremlin Gang","floor":8.0,"turns":3.0},{"damage":4.0,"enemies":"Red Slaver","floor":13.0,"turns":2.0},{"damage":2.0,"enemies":"3 Sentries","floor":14.0,"turns":6.0},{"damage":8.0,"enemies":"Hexaghost","floor":16.0,"turns":7.0},{"damage":11.0,"enemies":"Shell Parasite","floor":18.0,"turns":6.0},{"damage":25.0,"enemies":"Chosen","floor":19.0,"turns":4.0},{"damage":13.0,"enemies":"Snake Plant","floor":21.0,"turns":4.0},{"damage":16.0,"enemies":"Book of Stabbing","floor":24.0,"turns":4.0},{"damage":0.0,"enemies":"Cultist and Chosen","floor":25.0,"turns":7.0},{"damage":4.0,"enemies":"Centurion and Healer","floor":27.0,"turns":6.0},{"damage":18.0,"enemies":"Slavers","floor":28.0,"turns":5.0},{"damage":11.0,"enemies":"3 Cultists","floor":31.0,"turns":6.0},{"damage":30.0,"enemies":"Champ","floor":33.0,"turns":12.0},{"damage":13.0,"enemies":"3 Darklings","floor":35.0,"turns":5.0},{"damage":0.0,"enemies":"Orb Walker","floor":36.0,"turns":3.0},{"damage":15.0,"enemies":"4 Shapes","floor":37.0,"turns":6.0},{"damage":14.0,"enemies":"Maw","floor":39.0,"turns":8.0},{"damage":49.0,"enemies":"Reptomancer","floor":41.0,"turns":6.0},{"damage":3.0,"enemies":"Writhing Mass","floor":45.0,"turns":6.0},{"damage":0.0,"enemies":"Transient","floor":46.0,"turns":6.0},{"damage":77,"enemies":"Giant Head","floor":48,"turns":9}],"seed_played":"8681415228502438978","potions_obtained":[{"floor":2.0,"key":"Explosive Potion"},{"floor":3.0,"key":"Fire Potion"},{"floor":14.0,"key":"PowerPotion"},{"floor":16.0,"key":"PotionOfCapacity"},{"floor":21.0,"key":"EssenceOfDarkness"},{"floor":25.0,"key":"Swift Potion"},{"floor":28.0,"key":"FocusPotion"},{"floor":31.0,"key":"SpeedPotion"},{"floor":33.0,"key":"GamblersBrew"},{"floor":39.0,"key":"SteroidPotion"},{"floor":41.0,"key":"AttackPotion"},{"floor":44.0,"key":"DistilledChaos"},{"floor":46.0,"key":"ColorlessPotion"}],"is_trial":false,"path_per_floor":["M","M","M","M","?","R","E","M","T","?","$","R","M","E","R","B",null,"M","M","?","M","$","R","E","M","T","M","E","R","?","M","R","B",null,"M","M","M","?","M","R","E","R","T","?","M","M","R","E"],"character_chosen":"DEFECT","items_purchased":["Orrery","OrangePellets"],"campfire_rested":5,"item_purchase_floors":[11,22],"current_hp_per_floor":[62,59,59,50,50,50,44,44,44,67,67,67,63,61,61,53,67,56,31,31,18,18,39,23,23,30,26,8,31,31,20,43,13,62,49,49,34,64,50,50,1,20,20,20,17,17,51,0],"gold":277,"neow_bonus":"BOSS_RELIC","is_prod":false,"is_daily":false,"chose_seed":false,"campfire_upgraded":4,"win_rate":0,"timestamp":1710462221,"path_taken":["M","M","M","M","?","R","E","M","T","?","$","R","?","E","R","BOSS","M","M","?","M","$","R","E","M","T","?","E","R","?","M","R","BOSS","M","M","?","?","M","R","E","R","T","?","M","?","R","E"],"build_version":"2022-12-18","purchased_purges":0,"victory":false,"max_hp_per_floor":[71,71,71,71,71,71,71,71,71,71,71,71,71,71,71,71,71,71,71,71,71,71,71,71,71,78,78,78,78,78,78,78,78,78,78,78,78,64,64,64,64,64,64,64,64,64,64,64],"card_choices":[{"not_picked":["Beam Cell","Steam"],"picked":"Rip and Tear","floor":1.0},{"not_picked":["Beam Cell","Barrage"],"picked":"Lockon","floor":2.0},{"not_picked":["Beam Cell","Leap"],"picked":"Ball Lightning","floor":3.0},{"not_picked":["Static Discharge","Reprogram"],"picked":"Go for the Eyes","floor":4.0},{"not_picked":["Coolheaded","Streamline"],"picked":"Rainbow","floor":7.0},{"not_picked":["Capacitor","Sweeping Beam"],"picked":"Coolheaded","floor":8.0},{"not_picked":["Cold Snap","Stack"],"picked":"Redo","floor":11.0},{"not_picked":["Stack","Beam Cell"],"picked":"Conserve Battery","floor":11.0},{"not_picked":["Stack","Redo"],"picked":"Hologram","floor":11.0},{"not_picked":["Steam Power","Cold Snap"],"picked":"Coolheaded","floor":11.0},{"not_picked":["BootSequence","Fission"],"picked":"Turbo","floor":11.0},{"not_picked":["Cold Snap","Force Field","Scrape"],"picked":"SKIP","floor":13.0},{"not_picked":["Beam Cell","Turbo"],"picked":"Tempest","floor":14.0},{"not_picked":["Thunder Strike","Seek"],"picked":"Creative AI","floor":16.0},{"not_picked":["Cold Snap","Gash","Reprogram"],"picked":"SKIP","floor":18.0},{"not_picked":["Rebound","Auto Shields+1"],"picked":"Coolheaded","floor":19.0},{"not_picked":["Coolheaded","Stack"],"picked":"Aggregate","floor":21.0},{"not_picked":["BootSequence","Go for the Eyes+1"],"picked":"Reinforced Body","floor":24.0},{"not_picked":["Doom and Gloom","Gash","Leap"],"picked":"SKIP","floor":25.0},{"not_picked":["Doom and Gloom","Gash","Leap"],"picked":"SKIP","floor":25.0},{"not_picked":["Beam Cell+1","Coolheaded","Lockon"],"picked":"SKIP","floor":27.0},{"not_picked":["Melter+1","Echo Form"],"picked":"Coolheaded","floor":28.0},{"not_picked":["Hologram","Sweeping Beam"],"picked":"BootSequence+1","floor":31.0},{"not_picked":["Rainbow","Meteor Strike"],"picked":"Biased Cognition","floor":33.0},{"not_picked":["Loop","BootSequence","Barrage+1"],"picked":"SKIP","floor":35.0},{"not_picked":["Leap","Redo","Aggregate"],"picked":"SKIP","floor":36.0},{"not_picked":["Steam","Turbo+1","Aggregate"],"picked":"SKIP","floor":37.0},{"not_picked":["Rip and Tear","Chaos","Loop"],"picked":"SKIP","floor":39.0},{"not_picked":["Compile Driver+1","Turbo+1","Consume"],"picked":"SKIP","floor":41.0},{"not_picked":["Auto Shields","Leap"],"picked":"Chill","floor":45.0},{"not_picked":["Compile Driver","Meteor Strike"],"picked":"Hologram","floor":46.0}],"player_experience":1021354,"relics_obtained":[{"floor":7.0,"key":"DataDisk"},{"floor":9.0,"key":"Shuriken"},{"floor":14.0,"key":"Orichalcum"},{"floor":24.0,"key":"HornCleat"},{"floor":26.0,"key":"Strawberry"},{"floor":28.0,"key":"Mercury Hourglass"},{"floor":41.0,"key":"Sundial"},{"floor":43.0,"key":"Regal Pillow"}],"event_choices":[{"damage_healed":0.0,"max_hp_gain":0.0,"max_hp_loss":0.0,"gold_gain":0.0,"event_name":"Liars Game","player_choice":"Ignored","floor":5.0,"gold_loss":0.0,"damage_taken":0.0},{"damage_healed":23.0,"max_hp_gain":0.0,"max_hp_loss":0.0,"gold_gain":0.0,"event_name":"Big Fish","player_choice":"Banana","floor":10.0,"gold_loss":0.0,"damage_taken":0.0},{"cards_removed":["Defend_B"],"damage_healed":0.0,"max_hp_gain":0.0,"max_hp_loss":0.0,"gold_gain":0.0,"event_name":"Purifier","player_choice":"Purged","floor":20.0,"gold_loss":0.0,"damage_taken":0.0},{"cards_removed":["Defend_B"],"damage_healed":0.0,"max_hp_gain":0.0,"max_hp_loss":0.0,"gold_gain":0.0,"event_name":"Designer","player_choice":"Upgrade and Remove","floor":30.0,"gold_loss":110.0,"damage_taken":0.0,"cards_upgraded":["Strike_B"]},{"damage_healed":64.0,"max_hp_gain":0.0,"max_hp_loss":14.0,"gold_gain":0.0,"event_name":"The Moai Head","player_choice":"Heal","floor":38.0,"gold_loss":0.0,"damage_taken":0.0},{"damage_healed":0.0,"max_hp_gain":0.0,"max_hp_loss":0.0,"gold_gain":0.0,"event_name":"Lab","player_choice":"Got Potions","floor":44.0,"gold_loss":0.0,"damage_taken":0.0}],"is_beta":false,"boss_relics":[{"not_picked":["Runic Pyramid","Black Star"],"picked":"SacredBark"},{"not_picked":["Sozu","Fusion Hammer"],"picked":"Cursed Key"}],"items_purged_floors":[],"is_endless":false,"potions_floor_spawned":[2,3,14,16,21,25,28,31,33,39,41,46],"killed_by":"Giant Head","ascension_level":20}