{"gold_per_floor":[368,368,368,392,392,392,413,413,413,436,459,483,497,530,530,649,649,673,686,704,488,587,631,17,53,53,53,76,1,1,40,40,171,171,196,529,529,541,559,559,196,196,196,207,234,334,354,381,381,381,381,381,6,39,39],"floor_reached":55,"playtime":3633,"items_purged":["Defend_B","Strike_B","Parasite"],"score":863,"play_id":"26aaca07-c1f5-4a37-903a-78ca1777ea6e","local_time":"20240508215945","is_ascension_mode":true,"campfire_choices":[{"data":"Zap","floor":6.0,"key":"SMITH"},{"data":"White Noise","floor":8.0,"key":"SMITH"},{"floor":15.0,"key":"REST"},{"floor":27.0,"key":"REST"},{"data":"Echo Form","floor":30.0,"key":"SMITH"},{"data":"Coolheaded","floor":32.0,"key":"SMITH"},{"data":"Seek","floor":40.0,"key":"SMITH"},{"data":"Defragment","floor":42.0,"key":"SMITH"},{"floor":49.0,"key":"RECALL"},{"data":"Consume","floor":52.0,"key":"SMITH"}],"neow_cost":"PERCENT_DAMAGE","seed_source_timestamp":0,"circlet_count":0,"master_deck":["Strike_B","Defend_B","Zap+1","Dualcast","Steam","Double Energy","Barrage","Defend_P","White Noise+1","Coolheaded+1","Static Discharge","Doom and Gloom","Echo Form+1","Glacier+1","Reboot","Leap","Echo Form","Capacitor","BootSequence","Compile Driver","Coolheaded","Seek+1","White Noise+1","Rebound","Defragment+1","Consume+1","Darkness+1","Turbo","Core Surge","Coolheaded"],"special_seed":0,"relics":["Cracked Core","Eternal Feather","Blood Vial","SacredBark","Darkstone Periapt","White Beast Statue","DollysMirror","Toy Ornithopter","Mummified Hand","Gambling Chip","Cursed Key","DataDisk","Ornamental Fan","Oddly Smooth Stone","Anchor"],"potions_floor_usage":[55],"damage_taken":[{"damage":2.0,"enemies":"Jaw Worm","floor":1.0,"turns":3.0},{"damage":0.0,"enemies":"2 Louse","floor":4.0,"turns":2.0},{"damage":1.0,"enemies":"Cultist","floor":7.0,"turns":3.0},{"damage":7.0,"enemies":"Large Slime","floor":10.0,"turns":6.0},{"damage":2.0,"enemies":"2 Fungi Beasts","floor":11.0,"turns":4.0},{"damage":6.0,"enemies":"Looter","floor":12.0,"turns":3.0},{"damage":3.0,"enemies":"Blue Slaver","floor":13.0,"turns":3.0},{"damage":23.0,"enemies":"Gremlin Nob","floor":14.0,"turns":4.0},{"damage":8.0,"enemies":"Hexaghost","floor":16.0,"turns":10.0},{"damage":13.0,"enemies":"Shell Parasite","floor":18.0,"turns":6.0},{"damage":8.0,"enemies":"Chosen","floor":19.0,"turns":4.0},{"damage":9.0,"enemies":"Snake Plant","floor":20.0,"turns":6.0},{"damage":17.0,"enemies":"Book of Stabbing","floor":23.0,"turns":7.0},{"damage":25.0,"enemies":"Gremlin Leader","floor":25.0,"turns":6.0},{"damage":5.0,"enemies":"Chosen and Byrds","floor":28.0,"turns":8.0},{"damage":8.0,"enemies":"Slavers","floor":31.0,"turns":3.0},{"damage":7.0,"enemies":"Collector","floor":33.0,"turns":10.0},{"damage":1.0,"enemies":"3 Darklings","floor":35.0,"turns":5.0},{"damage":0.0,"enemies":"3 Shapes","floor":38.0,"turns":5.0},{"damage":35.0,"enemies":"Spire Growth","floor":39.0,"turns":7.0},{"damage":4.0,"enemies":"Writhing Mass","floor":44.0,"turns":6.0},{"damage":8.0,"enemies":"Nemesis","floor":45.0,"turns":5.0},{"damage":13.0,"enemies":"4 Shapes","floor":47.0,"turns":4.0},{"damage":0.0,"enemies":"Giant Head","floor":48.0,"turns":10.0},{"damage":12.0,"enemies":"Time Eater","floor":50.0,"turns":9.0},{"damage":54.0,"enemies":"Shield and Spear","floor":54.0,"turns":10.0},{"damage":27,"enemies":"The Heart","floor":55,"turns":3}],"seed_played":"-649362085903624448","potions_obtained":[{"floor":1.0,"key":"DistilledChaos"},{"floor":7.0,"key":"Ancient Potion"},{"floor":12.0,"key":"Fire Potion"},{"floor":13.0,"key":"SkillPotion"},{"floor":18.0,"key":"SkillPotion"},{"floor":19.0,"key":"EssenceOfDarkness"},{"floor":23.0,"key":"LiquidBronze"},{"floor":25.0,"key":"EssenceOfSteel"},{"floor":28.0,"key":"Explosive Potion"},{"floor":31.0,"key":"SmokeBomb"},{"floor":33.0,"key":"Block Potion"},{"floor":35.0,"key":"BlessingOfTheForge"},{"floor":38.0,"key":"SteroidPotion"},{"floor":39.0,"key":"EssenceOfSteel"},{"floor":44.0,"key":"Fire Potion"},{"floor":47.0,"key":"Weak Potion"},{"floor":54.0,"key":"SmokeBomb"}],"is_trial":false,"path_per_floor":["M","?","?","M","?","R","M","R","T","M","M","M","M","E","R","B",null,"M","M","M","$","?","E","$","E","T","R","M","?","R","E","R","B",null,"M","?","?","M","M","R","$","R","T","M","E","?","M","E","R","B",null,"R","$","E","B"],"character_chosen":"DEFECT","items_purchased":["Reboot","DistilledChaos","White Beast Statue","DollysMirror","Capacitor","Toy Ornithopter","Defragment","DataDisk","Consume","Turbo","Core Surge","Coolheaded"],"campfire_rested":2,"item_purchase_floors":[21,21,24,24,24,24,41,41,41,53,53,53],"current_hp_per_floor":[52,52,52,52,52,52,51,51,51,44,42,36,33,10,39,33,69,56,50,43,43,43,28,28,10,10,42,39,39,51,50,62,62,69,68,68,68,69,34,49,49,64,64,71,65,65,59,61,75,63,75,75,72,18,0],"gold":39,"neow_bonus":"TWO_FIFTY_GOLD","is_prod":false,"is_daily":false,"chose_seed":false,"campfire_upgraded":7,"win_rate":0,"timestamp":1715230785,"path_taken":["M","?","?","M","?","R","M","R","T","?","M","M","M","E","R","BOSS","BOSS","M","M","M","$","?","E","$","E","T","R","M","?","R","E","R","BOSS","M","?","?","M","M","R","$","R","T","?","E","?","M","E","R","BOSS","R","$","E","BOSS"],"build_version":"2022-12-18","purchased_purges":3,"victory":false,"max_hp_per_floor":[75,69,69,69,69,69,69,69,69,69,69,69,69,69,69,69,69,69,69,69,69,69,69,69,69,69,69,69,69,69,69,69,69,69,69,69,69,69,69,69,69,69,69,75,75,75,75,75,75,75,75,75,72,72,72],"card_choices":[{"not_picked":["Force Field","Reinforced Body"],"picked":"Steam","floor":1.0},{"not_picked":["Stack","Gash"],"picked":"Barrage","floor":4.0},{"not_picked":["Double Energy","Redo"],"picked":"White Noise","floor":7.0},{"not_picked":["Barrage","Conserve Battery","Aggregate"],"picked":"SKIP","floor":10.0},{"not_picked":["Barrage","Heatsinks","Redo"],"picked":"SKIP","floor":11.0},{"not_picked":["Storm","Compile Driver"],"picked":"Coolheaded","floor":12.0},{"not_picked":["Sweeping Beam","Hyperbeam"],"picked":"Static Discharge","floor":13.0},{"not_picked":["Streamline","Beam Cell"],"picked":"Doom and Gloom","floor":14.0},{"not_picked":["Meteor Strike","All For One"],"picked":"Echo Form","floor":16.0},{"not_picked":["Steam Power+1","Heatsinks+1"],"picked":"Glacier+1","floor":18.0},{"not_picked":["Chaos","Melter","Skim"],"picked":"SKIP","floor":19.0},{"not_picked":["Heatsinks","Gash+1","Reinforced Body"],"picked":"SKIP","floor":20.0},{"not_picked":["Static Discharge+1","Sweeping Beam"],"picked":"Leap","floor":23.0},{"not_picked":["Reboot","Rebound"],"picked":"BootSequence","floor":25.0},{"not_picked":["Steam","Auto Shields"],"picked":"Compile Driver","floor":28.0},{"not_picked":["Rebound+1","Darkness"],"picked":"Coolheaded","floor":31.0},{"not_picked":["Amplify","Rainbow"],"picked":"Seek","floor":33.0},{"not_picked":["Fusion+1","Stack+1"],"picked":"White Noise+1","floor":35.0},{"not_picked":["Leap","Steam+1"],"picked":"Rebound","floor":38.0},{"not_picked":["Gash","Darkness+1","Doom and Gloom+1"],"picked":"SKIP","floor":39.0},{"not_picked":["Fusion","Turbo+1","Doom and Gloom"],"picked":"SKIP","floor":44.0},{"not_picked":["Fission","Rebound+1","Fusion"],"picked":"SKIP","floor":45.0},{"not_picked":["Genetic Algorithm","Sweeping Beam","Chaos"],"picked":"SKIP","floor":47.0},{"not_picked":["Coolheaded","Go for the Eyes"],"picked":"Darkness+1","floor":48.0},{"not_picked":["Steam+1","Rainbow","Sweeping Beam+1"],"picked":"SKIP","floor":54.0}],"player_experience":1103249,"relics_obtained":[{"floor":9.0,"key":"Eternal Feather"},{"floor":14.0,"key":"Blood Vial"},{"floor":23.0,"key":"Darkstone Periapt"},{"floor":25.0,"key":"Mummified Hand"},{"floor":31.0,"key":"Gambling Chip"},{"floor":45.0,"key":"Ornamental Fan"},{"floor":48.0,"key":"Oddly Smooth Stone"},{"floor":54.0,"key":"Anchor"}],"event_choices":[{"damage_healed":0.0,"max_hp_gain":0.0,"max_hp_loss":6.0,"gold_gain":0.0,"event_name":"Golden Idol","player_choice":"Lose Max HP","floor":2.0,"gold_loss":0.0,"damage_taken":0.0,"relics_obtained":["Golden Idol"]},{"damage_healed":0.0,"max_hp_gain":0.0,"max_hp_loss":0.0,"gold_gain":0.0,"cards_transformed":["Strike_B"],"event_name":"Living Wall","player_choice":"Change","floor":3.0,"gold_loss":0.0,"damage_taken":0.0,"cards_obtained":["Double Energy"]},{"cards_removed":["Defend_B"],"damage_healed":0.0,"max_hp_gain":0.0,"max_hp_loss":0.0,"gold_gain":0.0,"event_name":"NoteForYourself","player_choice":"Took Card","floor":5.0,"gold_loss":0.0,"damage_taken":0.0,"cards_obtained":["Defend_P"]},{"damage_healed":0.0,"max_hp_gain":0.0,"max_hp_loss":0.0,"gold_gain":99.0,"event_name":"Nest","player_choice":"Stole From Cult","floor":22.0,"gold_loss":0.0,"damage_taken":0.0},{"cards_removed":["Strike_B"],"damage_healed":0.0,"max_hp_gain":0.0,"max_hp_loss":0.0,"gold_gain":0.0,"event_name":"Beggar","player_choice":"Gave Gold","floor":29.0,"gold_loss":75.0,"damage_taken":0.0},{"damage_healed":0.0,"max_hp_gain":0.0,"max_hp_loss":0.0,"gold_gain":333.0,"event_name":"The Moai Head","player_choice":"Gave Idol","floor":36.0,"relics_lost":["Golden Idol"],"gold_loss":0.0,"damage_taken":0.0},{"cards_removed":["Defend_B"],"damage_healed":0.0,"max_hp_gain":0.0,"max_hp_loss":0.0,"gold_gain":0.0,"event_name":"Purifier","player_choice":"Purged","floor":37.0,"gold_loss":0.0,"damage_taken":0.0},{"damage_healed":0.0,"max_hp_gain":0.0,"max_hp_loss":0.0,"gold_gain":100.0,"event_name":"Golden Shrine","player_choice":"Pray","floor":46.0,"gold_loss":0.0,"damage_taken":0.0}],"is_beta":false,"boss_relics":[{"not_picked":["Philosopher\u0027s Stone","Black Star"],"picked":"SacredBark"},{"not_picked":["Astrolabe","Sozu"],"picked":"Cursed Key"}],"items_purged_floors":[21,41,53],"is_endless":false,"potions_floor_spawned":[1,7,12,13,18,19,23,25,28,31,33,35,38,39,44,45,47,48,54],"killed_by":"The Heart","ascension_level":2}